3084 4938
836 409 1279 453 nnuosrnnms
1312 409 1548 453 onA'rxo
1581 412 1664 452 nn
1695 410 1962 453 conon.
2041 413 2088 455 ο
2413 396 2533 460 123

226 562 559 655 εἰρήνης,
607 560 695 653 ἣν
742 553 928 635 οὗτοι
976 560 1141 634 κατὰ
1184 566 1301 652 τῆς
1346 570 1664 655 πατρίδος
1716 568 2034 654 τηροῦσιν
2081 570 2150 635 oi
2180 573 2472 656 χρηστοί,
2487 560 2535 601 ¹⁰

226 671 353 739 ἐπὶ
393 684 541 748 ταῖς
561 660 1013 758 μελλοῦσαιςς11
1048 669 1329 755 ἐλπίσιν,
1357 657 1455 737 ὦν
1482 666 1926 757 διαμάρτοιεν,
1955 668 2064 737 καὶ
2081 661 2124 701 ¹²
2147 666 2534 757 μετάσχοιεν

224 800 343 842 ων
380 764 573 859 ὑμεῖς
608 774 677 839 οἱ
705 766 787 839 τὰ
820 771 1125 856 βέλτιστα
1160 762 1618 859 βουλόμενοι13
1641 766 1799 849 τούς
1821 766 2028 851 θεοὺς
2043 764 2339 857 αἰτεῖτε,1
2349 762 2536 859 4μὴυἱ

222 876 602 963 μεταδοῖεν
636 865 803 959 υμῖν
818 864 866 905 ¹⁶
903 861 1003 941 ὦν
1052 866 1243 940 αὐτοὶ
1258 864 1303 904 ¹⁷
1340 868 1770 961 προῄρηνται.
1810 872 1984 960 Λέγε
2021 866 2088 939 δ’
2143 866 2371 951 αὐτοῖς
2419 873 2531 941 καὶ

226 1002 405 1055 τους
436 1002 577 1043 των
590 966 638 1006 ¹⁸
672 980 1061 1057 Βυζαντίων
1077 965 1125 1005 ¹⁰
1159 970 1535 1060 στεφάνους
1571 975 1682 1042 καὶ
1715 966 1914 1043 τοῖνῖο
1957 979 2386 1063 Περινθίων,
2432 969 2534 1055 οἷς

234 1074 671 1165 ἐστεφάνουν
708 1069 839 1144 εἰνι21
876 1071 1139 1144 τούτων
1171 1071 1297 1163 τὴν
1332 1071 1547 1144 πόλιν.
2485 1085 2496 1093 ”

230 1282 523 1357 praestitit
538 1320 550 1339 .
582 1286 647 1335 ut
671 1280 847 1335 omnia
873 1279 937 1337 ad
962 1281 1121 1335 vitam
1146 1278 1552 1335 sustentandam
1577 1280 1876 1335 necessaria
1903 1286 1956 1335 et
1979 1278 2203 1335 uberius
2225 1288 2280 1336 et
2303 1282 2532 1338 minoris

232 1373 577 1442 pararentur
596 1380 757 1437 quam
777 1363 877 1420 hac
900 1365 1172 1437 praesenti
1196 1381 1327 1437 pace
1343 1406 1356 1425 .
1380 1379 1541 1437 quam
1555 1363 1708 1419 lenes
1729 1365 1820 1419 isti
1838 1381 1960 1419 cum
1981 1366 2186 1439 patriae
2208 1364 2531 1422 detrimento

234 1450 585 1509 custodiunt.
618 1450 667 1504 ei
700 1450 815 1523 spei
848 1449 1134 1511 inhiantes.
1167 1466 1273 1522 qua
1304 1449 1511 1504 utinam
1545 1448 1881 1505 frustrentur
1921 1458 1975 1504 et
2015 1466 2118 1506 una
2162 1450 2416 1507 fruantur
2443 1453 2530 1511 iis.

184 1544 195 1552 ’
234 1552 387 1611 quae
418 1552 517 1591 vos
548 1535 751 1607 optima
782 1536 1065 1608 cupientes
1096 1552 1123 1589 a
1156 1533 1259 1590 diis
1290 1523 1592 1607 exoptatis,
1638 1548 1708 1587 ne
1737 1532 1889 1589 vobis
1920 1550 1980 1589 ea
2011 1536 2350 1608 impertiant.
2393 1552 2532 1609 quae

118 1664 145 1683 f
236 1622 349 1696 ipsi
386 1621 759 1675 instituerunt.
806 1619 985 1675 Recita
1008 1620 1078 1675 iis
1098 1626 1163 1674 et
1192 1619 1574 1692 Byzantiorum
1605 1634 1839 1673 coronas
1869 1626 1925 1674 et
1955 1618 2381 1682 Perinthiorum.
2413 1622 2533 1696 qui-

234 1708 349 1762 bus
376 1702 767 1777 rempublicam
797 1712 1033 1779 propter.
1056 1704 1187 1760 haec
1216 1710 1568 1760 ornaverunt.

236 1890 341 1939 bat
378 1886 765 1939 Funkhaenel.
802 1888 861 1936 in
894 1886 1052 1937 Diar.
1087 1886 1274 1951 Antiq.
1314 1884 1446 1935 1847
1482 1902 1533 1951 p.
1572 1883 1690 1935 404.
1759 1884 1834 1935 At
1876 1884 1930 1935 h.
1977 1884 2016 1935 1.
2067 1900 2230 1951 quum
2263 1888 2532 1953 praeteri·

236 1980 361 2025 tum
406 1980 622 2039 tempus
668 1976 977 2037 opponatur
1022 1970 1149 2037 paci
1198 1970 1505 2037 praesenti,
1555 1971 1794 2020 aoristus
1831 1970 2158 2035 imperfecto
2195 1977 2281 2022 est
2313 1974 2532 2037 praefe-

239 2058 469 2109 rendus.
542 2056 762 2121 syllaba
798 2054 995 2105 similis
1032 2056 1265 2117 excidit,
1315 2054 1389 2105 cf.
1429 2045 1598 2118 δούς,
1645 2049 2124 2119 προγεναμένοις,
2173 2071 2270 2122 pro
2308 2054 2530 2121 διδούς,

238 2136 763 2209 προγεγεναμένοις
799 2140 858 2189 in
890 2138 1167 2205 proximis.
1270 2138 1325 2204 9)
1361 2130 1515 2204 ἡμᾶς
1552 2138 1723 2204 Augl.
1759 2157 1805 2191 s.
1841 2140 2037 2191 Vindl.
2079 2140 2208 2203 (non
2245 2140 2336 2205 Σ).
2446 2142 2530 2205 10)

241 2226 508 2293 χρηστοί,
557 2219 652 2279 ἐπὶ
698 2226 811 2274 iam
853 2223 975 2273 Ald.
1048 2222 1225 2289 Vulgo
1269 2239 1377 2274 non
1422 2225 1846 2289 inter-pungitur.
1921 2226 2008 2276 cf.
2052 2226 2336 2277 Benseler.
2373 2228 2526 2278 Hiat.

240 2330 297 2379 p.
334 2312 425 2365 94.
558 2309 639 2375 11)
677 2306 977 2373 μελλούσιν
1010 2306 1147 2373 ρι’Σ,
1187 2312 1283 2358 ant
1319 2323 1440 2358 corr
1474 2323 1569 2366 αις
1604 2324 1770 2375 super
1805 2326 1877 2360 ιν.
2005 2309 2090 2373 12>
2126 2306 2225 2361 nui
2261 2304 2338 2377 μὴ
2373 2312 2524 2377 vulg.

246 2424 305 2431 —
349 2412 435 2447 om
483 2388 561 2462 μή
609 2398 741 2445 ante
786 2408 905 2459 μετ.
943 2392 1013 2447 Σ.
1049 2392 1289 2443 LaurS..
1328 2392 1484 2454 Quod
1529 2409 1636 2444 non
1685 2409 1819 2444 casu
1865 2394 2074 2444 factum
2122 2410 2244 2446 esse
2290 2397 2531 2447 ostendit

240 2482 467 2532 Punkh.
514 2482 553 2532 1.
600 2498 648 2532 c.
693 2496 827 2530 nam
871 2479 1036 2530 decet
1081 2483 1351 2528 oratorem
1391 2478 1624 2528 honeste
1672 2484 1728 2528 et
1762 2479 2067 2530 liberaliter
2103 2483 2336 2545 sentire,
2386 2497 2528 2548 quae

242 2571 373 2633 post
396 2565 631 2615 Periclis
669 2563 997 2630 exemplaris
1033 2563 1239 2614 dictum
1275 2563 1416 2612 ratio
1456 2563 1576 2612 eius
1612 2568 1668 2614 et
1704 2565 1982 2615 sententia
2009 2568 2108 2615 est.
2179 2566 2424 2632 Thucyd.
2451 2568 2524 2632 11,

240 2649 329 2712 60,
367 2651 427 2698 2:
464 2648 648 2708 καλῶς
682 2643 789 2714 μὲν
824 2665 933 2716 γαρ
951 2643 1294 2746 “produt-*vos
1328 2638 1479 2714 α’νὴο
1514 2640 1578 2699 τὸ
1615 2637 1764 2700 καθ’
1789 2639 1995 2701 ἑαυτὸν
2032 2645 2528 2718 διαφθειρομένης

244 2734 347 2802 τῆς
392 2732 673 2798 πατρίδος
718 2723 894 2785 ουδὲν
935 2721 1112 2799 ἧσσον
1149 2727 1598 2798 ξυναπόλλυται,
1645 2733 1974 2800 κακοτυχῶν
2010 2725 2076 2786 δὲ
2113 2726 2176 2786 ἐν
2214 2750 2530 2804 ευτυχουσῃ

242 2817 435 2886 πολλῷ
470 2811 819 2880 διασώζεται.
887 2819 1025 2868 Item
1059 2816 1309 2869 Platonis
1345 2818 1640 2885 Legg.‘IX
1674 2835 1729 2884 p.
1756 2817 1856 2868 875
1880 2820 1952 2869 A:
1992 2813 2270 2886 ξυμφέρει
2308 2819 2388 2888 τῷ
2409 2836 2526 2872 κοι-

242 2903 327 2970 νῷ
362 2918 423 2954 τε
458 2899 559 2954 καὶ
592 2901 670 2968 τῷ
706 2897 839 2969 ἰδίῳ
872 2904 999 2952 τοῖν
1034 2893 1275 2968 ἀμφοῖν,
1310 2893 1385 2969 ἢν
1420 2895 1483 2953 τὸ
1518 2897 1720 2954 κοινὸν
1756 2901 1992 2972 τιθῆται
2029 2901 2212 2962 καλῶς
2245 2903 2466 2970 μᾶλλον
2491 2893 2530 2972 ἢ

240 2981 307 3041 τὸ
358 2985 531 3039 ἴδιον.
602 2987 725 3038 Vid.
760 2987 905 3038 Phil.
940 2988 993 3038 11
1030 2986 1151 3036 fin.:
1200 2979 1415 3038 οὐδένα
1458 2979 1565 3053 ’γαρ
1601 2985 1916 3055 βουλοίμην
1954 2977 2122 3054 ἔγωγ’
2156 2977 2259 3054 ἄν,
2306 2979 2440 3040 οὐδ’
2475 2983 2532 3042 εἰ

244 3063 473 3130 δίκαιός
520 3059 635 3124 ἔστ’
670 3059 1057 3136 α’πολωλέναι,
1106 3065 1247 3138 μετὰ
1293 3069 1397 3123 τοῦ
1440 3066 1674 3122 πάντων
1718 3067 1998 3124 κινδύνου
2041 3069 2140 3122 καὶ
2186 3072 2288 3140 τῆς
2321 3073 2528 3141 ζημίας

245 3157 421 3221 δίκην
457 3147 747 3222 ὑποσχεῖν.
818 3156 948 3222 ibiq.
990 3161 1178 3207 annot.
1216 3157 1413 3222 Itaque
1430 3161 1501 3207 'n.
1539 3157 1575 3206 l.
1603 3157 1880 3210 sententia
1903 3163 2014 3208 est:
2053 3155 2278 3209 Utinam
2305 3175 2406 3210 sua
2429 3175 2527 3226 spe

242 3243 551 3310 proditores
588 3241 861 3304 frustrati,
898 3241 1082 3307 patria
1116 3241 1297 3292 libera
1319 3242 1607 3292 nobiscum
1632 3242 1903 3306 fruantur,
1941 3258 2082 3294 neve
2109 3243 2252 3308 quod
2278 3245 2527 3296 institue·

244 3331 371 3378 runt
419 3325 643 3379 exitium
692 3331 749 3376 et
793 3326 1187 3376 servitudinem
1234 3325 1434 3392 populo
1478 3327 1819 3392 impertiant.
1958 3326 2041 3392 13)
2091 3321 2425 3394 βουλόμενοι
2470 3331 2528 3379 in

241 3411 388 3462 Bkk.
438 3410 679 3462 editione
716 3410 1066 3462 Berolinensi
1103 3411 1232 3474 (non
1268 3412 1325 3462 in
1364 3410 1684 3475 Oxoniensi)
1721 3411 1938 3461 incuria
1975 3426 2263 3477 operarum
2301 3413 2528 3478 excidit,

245 3494 387 3563 quod
421 3496 583 3560 quasi
619 3496 851 3547 consilio
888 3497 1099 3546 factum
1136 3501 1311 3560 esset,
1356 3495 1671 3547 Dindorfius
1707 3496 1838 3546 olim
1875 3510 1983 3546 non
2005 3497 2287 3560 correxit,
2337 3497 2435 3548 sed
2472 3491 2532 3549 οἴ

242 3633 299 3682 in
336 3625 395 3683 οἳ
431 3633 681 3683 mutavit.
752 3647 859 3683 non
895 3632 1181 3698 displicuit
1204 3633 1475 3684 Dissenio.
1573 3632 1657 3696 14)
1695 3627 1960 3685 αἰτεῖσθε
1984 3633 2163 3682 Barb.
2177 3661 2244 3668 —
2267 3534 2526 3687 3:513&

242 3715 615 3782 Aug4.15)
653 3709 801 3782 μηδὲ
835 3717 1044 3768 LaurS.
1082 3717 1231 3797 vulg.
1273 3741 1329 3751 —
1368 3711 1445 3783 μὴ
1485 3717 1553 3770 Σ.
1625 3717 1710 3772 Cf.
1747 3721 1862 3768 not.
1904 3715 1982 3767 12.
2089 3717 2176 3783 16)
2211 3709 2354 3786 ἡμῖν
2385 3721 2524 3772 Bav.

240 3871 295 3918 p.
338 3870 383 3902 r.
434 3851 629 3902 vind4.
667 3877 731 3888 -
768 3853 911 3917 ημῖν
943 3854 1008 3904 F.
1048 3881 1111 3890 —
1108 3801 1285 3918 Ζμῗν
1304 3801 1528 3907 agini-S.
1659 3853 1740 3916 17)
1790 3843 1958 3906 αὐτοὶ
1993 3871 2080 3906 om
2115 3855 2310 3906 Vind5.
2441 3857 2522 3922 18)

244 3953 373 3996 τους
414 3936 535 3987 sine
580 3933 695 3986 τῶν
740 3937 890 4002 vulg.
936 3965 1003 3974 —-
1048 3929 1183 3996 τούς
1229 3953 1343 3986 των
1378 3935 1445 3988 Σ.
1494 3937 1705 3988 Laui-S.
1747 3936 1808 3988 Y.
1848 3939 2020 4006 Augl.
2057 3943 2106 3991 2.
2144 3940 2196 3990 Ιι.
2229 3959 2284 4006 p.
2321 3959 2366 3992 r.
2403 3959 2446 3992 s.
2486 3949 2526 3992 ι.

246 4020 433 4073 Vindl.
470 4021 523 4070 4.
559 4021 717 4072 Pam.
756 4022 905 4073 Man.
1036 4021 1121 4086 19)
1164 4017 1299 4080 τούς
1332 4020 1680 4083 Βυζαντίους
1714 4024 1886 4089 Aug-4.
2015 4025 2100 4088 20)
2140 4017 2274 4084 τούς
2305 4023 2419 4076 τῶν
2455 4026 2524 4077 Σ.

245 4105 445 4158 LeurS.
484 4121 543 4171 η.
586 4103 651 4154 Τ.
687 4106 751 4156 F.
790 4103 855 4157 Φ.
891 4107 1068 4174 Augl.
1095 4109 1145 4157 2.
1172 4108 1222 4158 4.
1260 4107 1311 4159 k.
1346 4124 1399 4172 p.
1436 4125 1480 4156 r.
1516 4124 1562 4157 s.
1601 4114 1636 4158 t.
1676 4107 1871 4158 vindi.
1898 4110 1945 4159 4.
1973 4109 2139 4162 Pam.
2175 4109 2342 4162 Barb.
2373 4111 2524 4158 Man.

245 4191 358 4242 Fel.
406 4215 479 4227 -—·
525 4185 660 4247 τούς
703 4191 823 4242 sine
869 4189 983 4242 ταῖν
1026 4192 1176 4258 vulg.
1222 4219 1290 4228 —-
1332 4189 1444 4244 τῶν
1487 4193 1608 4243 sine
1653 4183 1788 4252 τούς
1820 4193 1954 4244 Urb.
2026 4195 2216 4244 Recte.
2287 4209 2520 4258 namque

226 4291 343 4326 mon
380 4289 619 4326 coronas
655 4274 922 4326 dederunt
956 4277 1241 4340 Byzantii,
1291 4293 1396 4328 nec
1434 4293 1667 4342 coronas
1702 4277 2002 4340 Perinthii,
2047 4277 2146 4327 sed
2179 4277 2396 4341 utrique
2436 4293 2523 4326 eo·

245 4375 425 4412 ronam
472 4375 675 4421 unam,
724 4363 785 4410 ut
830 4366 1259 4412 consentaneum
1306 4368 1407 4414 est.
1438 4363 1740 4413 =Varietas
1790 4365 1971 4412 autem
2010 4361 2362 4411 articulorum
2397 4377 2522 4428 pro-

245 4446 561 4512 pinquorum
598 4445 803 4510 ubique
840 4447 1080 4497 occurrit
1116 4447 1285 4498 etiam
1320 4447 1379 4497 in
1414 4449 1636 4515 optimis
1673 4446 1970 4500 codicibus.
2077 4445 2162 4510 21)
2203 4437 2264 4498 ἔτι
2301 4461 2390 4498 om
2422 4463 2470 4498 r.

2570 797 2624 843 15}
