3084 4938
435 407 482 454 X
1386 403 1804 453 PRAEFATIO.

435 565 570 640 gine
613 564 852 642 antiquo
898 564 1230 623 convenire.
1321 562 1578 622 Derivati
1622 551 1759 622 sunt
1804 580 1873 620 ex
1920 578 2037 620 uno
2084 559 2245 619 l'onte
2290 559 2490 628 ambo,
2540 560 2750 620 Parisi-

437 683 545 725 nus
590 672 648 725 et
691 665 1146 734 Laurentinum,
1194 664 1299 725 sed
1342 665 1440 724 hic
1485 682 1516 723 e
1563 661 1831 741 pluribus
1862 661 2060 722 rivulis
2103 661 2312 721 mediis
2343 662 2518 721 etiam
2563 661 2750 722 aliena

435 765 726 826 elementa
781 765 914 826 tulit
969 773 1027 826 et
1092 784 1198 845 per
1253 765 1583 843 longiorem
1650 765 1799 824 viam
1867 761 2162 823 interdum
2231 763 2425 823 amisit
2500 764 2753 841 genuina

433 886 583 947 quae
625 866 726 928 ille
769 868 1040 928 servavit.
1130 866 1458 928 Secundam
1519 875 1715 926 autem
1761 865 2141 926 Laurentiani
2186 883 2425 926 manum
2474 883 2607 925 cum
2655 883 2751 924 co-

433 969 580 1029 dicis
625 971 684 1028 F
719 968 998 1029 Marciani
1043 967 1262 1028 familia
1308 969 1599 1028 convenit.

604 1071 798 1132 Strata
842 1087 1000 1130 nunc
1046 1077 1134 1129 est
1175 1071 1263 1129 via
1312 1087 1430 1129 non
1474 1069 1555 1128 ita
1600 1067 1865 1148 quidem,
1912 1079 1977 1128 ut
2018 1086 2133 1128 non
2168 1069 2459 1147 possimus
2501 1067 2621 1128 labi
2666 1067 2755 1127 vel

435 1190 667 1242 errare,
729 1178 789 1232 at
832 1189 980 1231 nova
1028 1173 1273 1232 materie
1317 1179 1492 1248 atque
1537 1168 1744 1230 fulcris
1787 1171 1865 1229 ita
1926 1170 2270 1230 confirmata
2316 1176 2436 1238 est,
2484 1177 2549 1232 ut
2590 1177 2753 1230 recta

435 1293 504 1334 ac
563 1280 680 1334 tuta
741 1273 969 1333 dicatur
1027 1274 1260 1332 merito.
1347 1271 1621 1331 Meritum
1678 1289 1818 1330 vero
1878 1289 1993 1331 non
2040 1289 2236 1331 meum
2285 1279 2400 1340 est,
2448 1271 2551 1330 sed
2596 1271 2751 1332 Reh-

433 1375 650 1435 dantzii
695 1381 754 1435 et
797 1373 1096 1436 Schultzii.
1185 1373 1354 1434 Nunc
1409 1373 1573 1433 novis
1630 1374 1809 1434 armis
1870 1374 2190 1433 instructus
2246 1391 2513 1452 novoque
2558 1375 2753 1434 animo

434 1476 664 1537 afflatus
719 1475 969 1536 fidenter
1031 1475 1317 1535 rationem
1377 1475 1546 1553 sequi
1598 1483 1863 1553 poteram
1923 1483 2057 1534 ante
2126 1474 2235 1534 bos
2302 1476 2503 1552 viginti
2568 1492 2753 1534 annos

431 1578 693 1638 timidius
747 1576 1060 1656 proditam.
1149 1577 1318 1638 Nunc
1377 1577 1446 1636 Σ
1491 1593 1610 1635 non
1667 1575 1919 1655 amplius
1962 1577 2091 1636 sine
2136 1577 2352 1637 comite
2396 1575 2751 1645 dominatur,

433 1679 613 1740 habet
655 1697 812 1740 nunc
857 1679 958 1758 qui
1003 1697 1137 1739 eum
1183 1684 1459 1756 tanquam
1505 1671 1959 1760 ἀντιγραφεὺς
2000 1679 2167 1758 isque
2213 1679 2313 1757 qui
2357 1679 2448 1738 sui
2477 1679 2622 1738 iuris
2667 1685 2759 1738 est

432 1783 764 1844 comitetur.

600 1882 916 1944 Praeterea
971 1882 1130 1942 idem
1186 1879 1456 1942 assiduus
1511 1898 1581 1942 ac
1638 1879 1886 1959 diligens
1930 1879 2328 1942 Rehdantzius
2372 1881 2548 1942 trium
2594 1880 2754 1941 codi-

436 2003 570 2045 cum
603 1983 851 2045 Saeculo
879 1984 980 2044 XV
1024 1985 1380 2063 scriptorum
1414 1988 1473 2041 et
1501 1984 1726 2061 quarti,
1774 1983 1939 2043 cuius
1984 1989 2233 2043 aetatem
2280 1984 2520 2061 ignoro,
2568 1985 2754 2044 varie-

436 2093 614 2146 tatem
661 2103 890 2146 mecum
939 2085 1360 2146 humanissime
1405 2084 1885 2144 communicavit:
1945 2082 2019 2143 ad
2064 2075 2196 2145 Gor.
2241 2085 2475 2145 initium
2530 2079 2785 2151 Ambr3'

433 2193 494 2246 et
550 2184 774 2251 Ambr4
825 2184 1084 2264 (Mediol.
1143 2185 1512 2250 Ambrosian.
1570 2183 1721 2246 Bibl.
1782 2185 1849 2245 G.
1898 2189 1979 2249 60
2026 2191 2083 2244 et
2126 2186 2186 2246 Z.
2237 2189 2358 2250 129
2404 2185 2637 2265 suppl.).
2684 2185 2757 2246 ad

435 2286 618 2349 eiusd.
676 2289 960 2349 orationis
1018 2297 1343 2348 extremam
1400 2294 1629 2367 partem
1690 2287 1885 2353 Laur3
1934 2285 2211 2364 (Florent.
2259 2287 2434 2348 Laur.
2482 2286 2757 2348 plut-lx

434 2389 564 2451 cod.
610 2389 818 2471 XXX).
879 2400 937 2449 et
981 2390 1176 2455 Laur9
1237 2388 1450 2468 (eiusd.
1500 2387 1775 2450 Biblioth.
1835 2389 1936 2449 Nm
1983 2394 2057 2453 41
2118 2389 2245 2448 sine
2301 2390 2469 2466 signo
2514 2387 2756 2467 Plutei).

434 2492 516 2554 De
562 2490 775 2571 quibus
820 2491 1122 2553 codicibus
1166 2494 1292 2571 ipse
1321 2492 1723 2553 Rehdantzius
1767 2493 2003 2571 copiose
2049 2498 2201 2569 aget.
2293 2484 2557 2571 Denique
2600 2491 2755 2551 idem

435 2595 658 2654 amicus
702 2595 1046 2674 nuperrime
1091 2592 1162 2655 ad
1209 2613 1304 2654 me
1348 2595 1494 2655 haec
1539 2596 1809 2672 scripsit:
1858 2592 1975 2654 ‘De
2022 2592 2225 2652 codice
2252 2641 2265 2662 ,
2312 2612 2487 2673 quem
2518 2593 2607 2653 Tu
2655 2611 2755 2655 au-

435 2704 658 2755 ctorem
705 2703 942 2756 secutus
972 2694 1479 2756 Tischendorflum
1530 2695 1867 2754 conservari
1911 2694 1973 2753 in
2003 2692 2359 2754 Monasterio
2406 2694 2471 2754 B.
2502 2694 2757 2772 Virginis

437 2798 655 2857 Challci
695 2798 1038 2877 Principum
1083 2796 1271 2859 insula
1319 2796 1597 2857 monuisti
1647 2794 1935 2873 (Prolegg,
1983 2795 2124 2856 Crit.
2158 2814 2214 2874 p.
2249 2796 2414 2875 263),
2464 2814 2557 2855 me
2602 2796 2755 2856 iusto

437 2900 622 2977 magis
666 2898 983 2960 sollicitum
1043 2898 1208 2959 valde
1253 2897 1464 2958 levavit
1507 2896 1751 2976 epistola
1808 2896 1877 2957 T.
1924 2900 1989 2957 Α.
2034 2897 2328 2967 Detbieri,
2375 2896 2499 2957 Viri
2544 2897 2757 2957 artium

435 3000 768 3061 liberalium
800 3000 1211 3069 amantissimi,
1259 3002 1358 3079 qui
1387 3000 1574 3076 Perae
1619 3006 1853 3079 praeest
1881 2998 2118 3061 scholae
2163 2998 2467 3079 literarum
2499 3000 2757 3058 Austria·

435 3119 558 3161 cae.
647 3101 841 3180 Ipsam
886 3100 1020 3162 Tibi
1081 3101 1552 3162 transmittebam
1609 3100 1933 3179 epistolam.
2024 3099 2300 3162 Codicem
2356 3107 2420 3160 ut
2463 3118 2597 3159 cum
2644 3102 2760 3160 An-

435 3201 654 3283 gelico,
713 3201 976 3263 Palatino
1022 3208 1059 3269 3
1117 3205 1358 3281 eiusque
1414 3202 1577 3263 affini
1620 3204 1806 3281 Regio
1862 3204 2056 3281 primo
2102 3202 2423 3263 cohaerere
2468 3220 2758 3273 censeam,

435 3306 576 3367 satis
631 3312 721 3365 est
777 3322 1090 3365 numerum
1148 3313 1208 3364 et
1261 3304 1530 3365 ordinem
1588 3306 1921 3365 orationum
1978 3322 2127 3383 quae
2184 3305 2563 3363 continentur
2608 3303 2761 3363 indi-

436 3426 619 3469 casse.
680 3406 904 3478 Quibus
950 3406 1022 3466 de
1067 3405 1246 3469 rebus
1289 3406 1583 3485 copiosius
1628 3408 1872 3486 exposui
1913 3408 1977 3465 in
2022 3403 2330 3465 annalibus
2375 3404 2761 3465 Fleckeisenii

437 3513 602 3576 1857
659 3529 714 3588 p.
775 3514 898 3575 816
943 3527 1070 3588 sqq.
1172 3507 1538 3587 Quamquam
1598 3526 1629 3568 e
1695 3508 2003 3576 varietate,
2072 3525 2249 3587 quam
2316 3508 2620 3568 minimam
2688 3506 2761 3567 ad

435 3608 584 3671 Phil.
629 3609 707 3670 111
754 3607 1067 3671 Dethie'rus
1110 3609 1450 3689 adscripsit,
1511 3608 1655 3669 nihil
1702 3610 1851 3669 certi
1896 3607 2247 3669 eliciendum
2296 3616 2405 3670 est.
2496 3607 2580 3668 De
2624 3608 2756 3669 Cte-

436 3712 783 3792 siphonteae
827 3713 1110 3771 orationis
1155 3710 1270 3791 §S-
1317 3714 1398 3776 90
1445 3717 1504 3770 et
1548 3715 1623 3775 91
1674 3711 1763 3771 Tu
1808 3710 2049 3771 videbis,
2106 3709 2292 3771 Vale?
2382 3709 2539 3769 Haec
2582 3710 2764 3787 igitur

439 3813 723 3874 debemus
765 3812 1153 3874 Rehdantzio.
1219 3812 1310 3873 Tu
1377 3830 1544 3881 vero,
1613 3814 1949 3893 quicunque
2014 3811 2217 3872 literas
2271 3812 2541 3890 antiquas
2602 3828 2765 3871 amas

439 3916 750 3993 studiaque
796 3923 999 3977 nostra
1045 3934 1248 3976 earum
1295 3913 1710 3985 colendarum,
1758 3914 1958 3975 fruere
1989 3915 2302 3975 coniuncta
2335 3921 2536 3973 nostra
2582 3930 2763 3992 opera

437 4036 626 4097 aequo
669 4016 874 4096 legens
917 4019 1114 4079 animo
1159 4026 1334 4097 atque
1376 4016 1656 4095 benigno.

606 4119 768 4180 Haec
810 4118 1115 4180 hactenus
1177 4123 1484 4198 Apponam
1529 4116 1813 4178 nonnulla
1859 4116 1929 4176 ad
1977 4115 2406 4195 Prolegomena
2454 4116 2762 4177 Gramma-

436 4222 582 4293 tica,
629 4239 780 4301 quae
822 4222 886 4281 in
931 4220 1225 4281 volumine
1269 4220 1589 4281 Contiones
1633 4217 2117 4279 Demosthenicas
2161 4220 2490 4279 continenti
2532 4215 2763 4295 collegi.
