3084 4938
590 362 667 425 82
1167 378 1610 419 nenos-rnams
1644 380 1876 419 oemio
1909 378 1992 419 nr.
2025 378 2292 435 coneus,

586 540 795 601 λαντα
862 524 1345 620 πεντήκοντα.”
1448 528 1782 621 Κλήτορες
1859 529 2276 619 Κηφισοφῶν
2336 532 2878 619 Κηφισοφῶντος

528 658 553 697 ⁵
575 628 1027 722 Ῥαμνούσιος,
1066 634 1303 703 Κλέων
1338 635 1646 714 Κλέωνος
1682 639 2105 721 Κοθωκίδης.

584 862 695 993 sltles
736 851 1120 994 ¹(iephisophon
1160 850 1618 927 Cephisophonlis
1661 852 1719 907 F.
1765 820 2153 913 Rhamnusius,
2205 850 2368 908 Cleon
2413 848 2627 908 Cleonis
2667 850 2727 907 F.
2770 852 2875 907 Co·

586 947 607 994 t
648 939 731 995 oci
772 954 848 993 οε.

582 1188 681 1238 dat
713 1185 943 1251 πυκνῇ.’
983 1185 1110 1236 Sch
1126 1200 1200 1237 ae
1217 1187 1243 1235 f
1253 1202 1283 1235 e
1298 1200 1424 1237 rus.
1496 1186 1598 1236 ‘At
1635 1186 1776 1236 haec
1803 1185 2094 1236 Schaeferi
2119 1186 2444 1237 coniectura
2467 1192 2680 1237 tantum
2707 1186 2872 1237 abest

581 1278 642 1320 ut
677 1272 899 1338 probari
933 1270 1129 1336 possit,
1164 1275 1225 1319 ut
1259 1286 1329 1320 ne
1366 1286 1629 1336 graecam
1666 1269 1882 1335 quidem
1919 1272 2226 1321 orationem
2261 1272 2473 1322 reddat.
2547 1273 2684 1333 Quis
2719 1272 2870 1321 enim

582 1370 819 1420 unquam
858 1356 1189 1407 Graecorum
1226 1359 1554 1420 scriptorum
1589 1355 1727 1406 dixit
1761 1345 1800 1421 ἦ
1834 1348 2023 1421 πυκνὴ
2061 1346 2368 1420 ἐκκλησίαῗ
2403 1382 2472 1391 —-·
2505 1356 2736 1407 Photins
2770 1372 2870 1406 an-

580 1445 694 1489 tem
739 1439 903 1490 docet
942 1431 1133 1504 κυκνή
1180 1440 1387 1489 dictum
1432 1454 1556 1489 esse
1602 1440 1660 1492 vi
1706 1440 2038 1491 substantivi
2083 1456 2181 1506 pro
2227 1430 2265 1505 ἦ
2316 1432 2590 1507 ἐκκλησία
2622 1478 2637 1492 .
2673 1477 2688 1489 .
2727 1476 2742 1491 .
2793 1444 2868 1490 At

582 1525 917 1575 Schaeferus
962 1516 1153 1588 πυκνή
1196 1524 1255 1575 vi
1302 1524 1568 1576 adiectivi
1611 1524 1938 1575 instructum
1981 1524 2159 1575 voluit
2183 1560 2196 1573 .
2225 1564 2238 1577 .
2267 1559 2283 1574 .
2331 1526 2460 1590 Ipse
2495 1525 2680 1576 Photii
2716 1524 2872 1575 locus

580 1610 877 1659 manifesto
904 1608 1168 1679 ‚ostendit
1216 1599 1281 1658 ἐν
1324 1607 1515 1674 πυκνῇ
1559 1608 1630 1675 τῇ
1677 1600 1948 1676 ἐκκλησίᾳ
1991 1610 2106 1659 dici
2151 1610 2318 1676 plane
2353 1625 2466 1661 non
2500 1624 2690 1677 posse,
2741 1626 2872 1675 quo-

580 1696 729 1745 niam
766 1686 830 1745 ἐν
864 1690 1056 1761 πυκνῇ
1090 1695 1308 1744 omnino
1346 1694 1489 1745 idem
1526 1698 1614 1743 est
1649 1694 1790 1759 quod
1826 1694 1898 1761 τῇ
1933 1686 2204 1759 ἐκκλησίᾳ
2231 1734 2242 1745 .
2274 1730 2289 1744 .
2314 1733 2327 1745 .
2365 1695 2599 1761 Singula
2637 1710 2871 1745 accura-

579 1781 689 1829 tius
728 1779 1223 1845 circumspicienda
1261 1784 1433 1829 erant.
1503 1780 1646 1829 Nam
1683 1782 1740 1828 in
1775 1776 1973 1845 γραφῇ
2008 1780 2230 1845 scripsit
2263 1780 2572 1831 Aeschines
2599 1814 2612 1829 .
2643 1815 2658 1829 .
2685 1816 2698 1829 .
2727 1780 2869 1845 quod

580 1870 876 1930 rogaverat
922 1856 986 1915 ἐν
1027 1862 1108 1929 τῷ
1152 1856 1385 1928 θεάτρῳ
1428 1856 1808 1929 ἀναγορεύειν
1851 1858 1952 1914 τὸν
1996 1858 2284 1929 στέφανον
2310 1900 2322 1914 .
2355 1900 2368 1913 .
2396 1902 2409 1915 .
2456 1866 2624 1915 Patet
2657 1864 2752 1915 hic
2784 1866 2868 1914 in-

577 1949 771 2015 primis
818 1947 1038 1999 locum
1063 1983 1079 2013 .-
1110 1984 1120 1997 .
1152 1987 1165 1998 .
1193 1950 1394 2011 urgeri.
1466 1948 1702 1998 Proinde
1746 1948 1914 2013 plane
1961 1950 2335 1999 necessarium
2385 1954 2472 1999 est
2503 1950 2608 2000 hoc
2645 1950 2768 2000 loco
2803 1941 2869 2000 ἐν

578 2032 761 2084 πυκνί
792 2032 923 2092 dici,
960 2031 1104 2096 quod
1140 2032 1451 2097 oppositum
1488 2032 1563 2081 sit
1597 2030 1676 2096 τῷ
1711 2024 1942 2095 θεάτρῳ
1969 2069 1980 2081 .
2011 2070 2023 2083 .
2054 2069 2069 2082 .
2095 2026 2158 2085 ἐν
2191 2034 2262 2100 τῇ
2299 2026 2570 2099 ἐκκλησίᾳ
2605 2040 2868 2099 tempus

582 2116 863 2182 designat,
922 2116 1181 2166 contione
1228 2114 1413 2181 populi
1462 2116 1752 2167 advocata.
1824 2118 1937 2166 Auf
1977 2118 2074 2168 der
2119 2118 2276 2182 Pnyx
2323 2120 2380 2169 in
2433 2119 2532 2169 der
2563 2116 2868 2170 -volksver·

578 2199 903 2267 sammlung.
985 2200 1143 2262 Quod
1201 2202 1457 2266 opposuit
1500 2201 1834 2251 Schaeferus
1879 2202 2036 2252 modo
2085 2208 2464 2268 antegressum
2511 2218 2634 2254 esse
2683 2195 2749 2254 ἐν
2790 2202 2870 2271 τῷ

584 2284 989 2352 βουλευτηρίῳ,
1024 2300 1133 2336 non
1170 2284 1357 2335 addito
1386 2276 1448 2335 ἐν
1471 2288 1594 2345 τοῖς
1618 2284 1970 2352 βουλευταῖς,
2007 2287 2257 2353 neglexit
2279 2288 2426 2338 hanc
2449 2286 2729 2338 notionem
2757 2288 2868 2337 iam

579 2371 759 2422 inesse
798 2372 985 2422 verbis
1023 2362 1127 2421 ἐὰν
1162 2363 1271 2435 μὲν
1304 2362 1341 2436 ἡ
1380 2362 1558 2437 βουλὴ
1597 2374 1880 2437 στεφανοῖ
1903 2408 1916 2421 .
1943 2408 1957 2421 .
1983 2408 1998 2422 .
2035 2373 2107 2422 At
2141 2374 2200 2421 in
2234 2370 2424 2437 Pnyce
2449 2407 2464 2421 .
2493 2410 2507 2423 .
2539 2412 2550 2423 .
2579 2388 2690 2422 non
2725 2386 2866 2422 sem-

578 2473 702 2523 per,
758 2456 855 2508 sed
892 2457 1055 2507 statis
1090 2460 1303 2506 tantum
1340 2455 1540 2508 diebus
1573 2457 1860 2509 contiones
1894 2456 2079 2524 populi
2115 2457 2481 2509 habebantur.
2551 2458 2740 2520 Quare
2766 2494 2781 2508 .
2809 2495 2820 2506 .
2848 2495 2866 2508 .

579 2540 731 2591 aliud
768 2555 967 2607 graece
1007 2547 1093 2591 est
1129 2532 1191 2591 ἓν
1226 2541 1420 2603 πυκνί,
1462 2541 1611 2592 aliud
1649 2533 1712 2593 ἐν
1747 2540 1818 2608 τῇ
1853 2535 2147 2608 ἔκκλησίᾳ’
2177 2548 2284 2593 etc.
2329 2542 2862 2593 Klinkmueller.

576 2625 825 2676 Praefat.
866 2625 935 2675 ad
968 2625 1114 2675 Edit.
1150 2626 1293 2676 Phil.
1330 2628 1361 2677 1
1396 2643 1447 2692 p.
1487 2629 1594 2676 XII
1629 2643 1708 2691 sq.
1786 2627 2147 2677 ‘Schaeferus
2194 2629 2424 2692 primum
2468 2643 2580 2678 non
2623 2627 2864 2678 attendit

578 2710 646 2759 ad
682 2709 1099 2776 perspicuitatis
1134 2711 1372 2760 studium
1410 2713 1469 2760 in
1497 2747 1510 2760 .
1537 2747 1550 2760 .
1573 2749 1586 2764 .
1613 2711 1954 2760 documentis
1989 2711 2230 2777 publicis
2256 2715 2628 2778 conspicuum,
2667 2711 2862 2762 deinde

576 2793 819 2846 insolens
866 2794 1125 2860 quiddam
1164 2800 1231 2845 et
1274 2795 1379 2845 hoc
1426 2796 1648 2860 quidem
1685 2795 1807 2846 loco
1843 2797 2074 2846 otiosum
2113 2797 2363 2860 intrusit,
2413 2797 2648 2862 denique
2684 2797 2860 2848 locum

576 2879 634 2931 in
659 2872 916 2931 Aeschin'.
943 2879 1093 2930 Ctes.
1119 2881 1165 2941 §-
1192 2880 1277 2942 34,
1318 2895 1423 2946 quo
1458 2879 1568 2930 huc
1606 2881 1911 2947 respicitur,
1949 2896 2058 2931 non
2094 2882 2272 2931 minus
2309 2883 2595 2932 immutare
2635 2887 2862 2932 coactns

578 2970 681 3015 cst.
754 2965 825 3014 At
868 2962 1005 3014 nihil
1054 2964 1344 3030 quicquam
1390 2979 1862 3029 supervacaneum
1910 2981 2032 3016 esse
2081 2983 2109 3016 e
2157 2966 2365 3032 triplici
2412 2967 2762 3032 oppositione
2800 2967 2866 3016 li-

578 3055 734 3115 quet,
782 3063 950 3114 qnae,
998 3054 1060 3099 ut
1102 3049 1513 3114 explicarentur
1553 3051 1728 3101 verba
1773 3050 2009 3114 decreti,
2061 3052 2318 3102 instituta
2367 3058 2453 3101 est
2489 3052 2560 3101 ab
2599 3053 2722 3118 ipso
2755 3050 2868 3104 Ae-

576 3131 783 3183 schine.
858 3123 922 3182 ἕν
965 3126 1042 3197 τῷ
1090 3131 1343 3200 θεάτρῳ,
1400 3135 1572 3200 igitur
1615 3151 1748 3196 non,
1805 3142 1865 3186 ut
1909 3135 2034 3202 leg-c
2081 3137 2409 3202 imperatum
2457 3141 2602 3196 crat,
2649 3136 2861 3201 Pnyce,

578 3208 726 3268 ἀλλὰ
762 3214 863 3282 καὶ,
897 3210 999 3267 τὸν
1033 3212 1211 3268 τόπον
1245 3213 1598 3282 μετενεγκών
1633 3213 1774 3270 οὐδὲ
1812 3213 2292 3286 ἐκκλησιαζόντων
2322 3211 2646 3286 Ἀθηναίων
2671 3220 2868 3287 (igitur

580 3317 689 3353 non
728 3293 791 3353 ἐν
828 3293 1113 3368 ἐκκλησίᾳ,
1150 3309 1213 3353 ut
1247 3305 1617 3370 opportebat),
1657 3297 1798 3357 vino>
1836 3304 2144 3371 τραγῳδῶν
2165 3295 2600 3372 ἀγωνιζομένων
2621 3305 2862 3369 καινῶν,

576 3378 709 3439 οόδ’
756 3379 1022 3439 ἐναντίον
1074 3386 1175 3438 τοῦ
1224 3384 1413 3454 δήμου
1460 3389 1731 3453 (Athen.),
1761 3380 1917 3440 “α’λλ’
1965 3383 2231 3442 ἐναντίον
2274 3389 2386 3442 τῶν
2422 3383 2710 3457 Ἑλλήνων
2743 3425 2758 3439 .
2796 3427 2812 3442 .
2849 3427 2864 3443 .

574 3474 882 3524 Praeterea
927 3472 1093 3540 plane
1141 3474 1223 3523 sic
1270 3479 1355 3524 est
1398 3475 1556 3524 Deru.
1596 3475 1634 3524 f.
1673 3473 1783 3540 leg.
1823 3475 1871 3535 ἓ.
1908 3475 2035 3526 ’234τ
2087 3467 2152 3526 ἔν
2184 3475 2261 3541 τῷ
2299 3470 2463 3542 δήμῳ
2496 3479 2627 3535 ταῖς
2663 3469 2861 3542 ἐκκλη-

577 3556 767 3617 σίαις]
814 3558 1184 3608 Scheibius
1220 3558 1256 3606 l.
1298 3575 1343 3608 c.
1382 3561 1435 3622 p.
1476 3559 1568 3619 15,
1617 3572 1776 3623 quem
1811 3559 1956 3610 vide.
2030 3561 2174 3611 ‘Nec
2218 3561 2373 3612 locus
2421 3561 2734 3612 contionum
2761 3599 2775 3611 .
2803 3597 2822 3611 .
2847 3596 2862 3612 .

576 3656 791 3708 semper
838 3642 984 3693 idem
1030 3649 1169 3693 erat.
1240 3643 1395 3693 modo
1444 3643 1588 3692 enim
1635 3634 1698 3692 ἐν
1742 3642 1956 3706 Πυκνί,
2005 3645 2165 3696 modo
2200 3647 2260 3694 in
2295 3645 2557 3711 Piraeeo,
2608 3647 2766 3698 modo
2802 3647 2862 3697 in

573 3724 792 3777 theatro
836 3727 1063 3778 habitae
1113 3726 1275 3778 sunt!
1322 3728 1668 3778 Reuterus
1705 3727 1740 3780 1.
1780 3745 1827 3777 c.
1869 3745 1920 3793 p.
1957 3729 2023 3779 X.
2096 3731 2346 3793 Quatuor
2389 3734 2577 3782 autem
2625 3731 2708 3780 illi
2753 3731 2864 3782 viri

575 3809 883 3861 doctissimi
930 3825 1053 3861 cum
1091 3812 1217 3862 aliis
1255 3804 1317 3862 ἐν
1354 3813 1588 3862 alterum
1623 3811 1914 3864 delendum
1951 3813 2142 3864 iubent
2179 3815 2530 3866 conferentes
2563 3815 2718 3866 locos
2754 3817 2862 3866 Ae-

574 3895 783 3946 schinis
841 3901 897 3945 et
940 3897 1331 3948 Demosthenis
1384 3897 1605 3948 allatos.
1675 3899 1934 3948 Dativum
1991 3904 2176 3950 autem
2227 3899 2369 3950 dicit
2413 3899 2706 3950 Scheibius
2749 3915 2860 3951 non

571 3980 814 4046 pendere
853 3997 885 4030 a
920 3983 1098 4047 priore
1136 3973 1217 4048 ἒν,
1257 3984 1353 4033 sed
1390 3983 1459 4032 ab
1496 3973 1932 4049 ἀνακηρύττειν.
2003 3985 2118 4034 Imo
2155 3989 2308 4034 esset
2328 3984 2552 4036 dativus
2577 3986 2860 4050 temporis.

572 4065 697 4118 vid.
733 4066 1036 4117 Bernhard.
1076 4067 1229 4132 Synt.
1266 4084 1319 4133 p.
1354 4063 1439 4116 81.
1476 4069 1744 4132 Kruegcr.
1785 4067 2022 4117 Gramm.
2061 4069 2110 4129 §-
2143 4067 2226 4131 48,
2265 4071 2298 4118 2
2324 4075 2509 4120 annot.
2533 4069 2583 4121 9.
2655 4071 2732 4120 Et
2755 4085 2859 4136 ego

570 4149 826 4215 delerem,
868 4152 1252 4204 addicentibus
1292 4151 1574 4201 codicibus
1608 4140 1842 4216 optimis,
1883 4153 2114 4202 alteram
2138 4155 2621 4219 praepositionem,
2659 4156 2710 4206 si
2733 4171 2858 4206 ora-

569 4237 775 4287 tionem
825 4237 1003 4302 ipsam
1054 4237 1143 4287 hic
1198 4241 1586 4294 tractaremus,
1640 4252 1750 4286 non
1801 4237 2184 4288 documentum
2228 4239 2552 4304 posterioris
2595 4240 2858 4305 temporis

573 4327 723 4371 certe
770 4323 1158 4387 conscriptum.
1232 4321 1319 4374 Of.
1368 4321 1636 4386 Anonymi
1683 4322 1904 4388 Argum.
1953 4322 2074 4373 Cor.
2113 4325 2160 4384 §-
2197 4323 2255 4374 3:
2303 4316 2367 4374 ἐν
2412 4321 2600 4377 Πνυκὶ
2647 4339 2856 4390 στεφα·

573 4403 823 4457 νοῦσθαι
862 4399 925 4457 ἐν
960 4405 1029 4472 τῇ
1069 4398 1353 4472 ἐκκλησίᾳ.
1498 4407 1578 4470 18)
1620 4401 1788 4456 πέντε
1825 4422 1894 4472 γρ
1933 4407 2104 4458 AldL.
2139 4437 2208 4445 -—
2243 4410 2514 4462 Numerus
2550 4409 2620 4460 50
2653 4416 2788 4461 nota
2821 4425 2858 4460 ν
