<?xml version="1.0" encoding="UTF-8"?>
<!DOCTYPE html PUBLIC "-//W3C//DTD XHTML 1.0 Transitional//EN"
    "http://www.w3.org/TR/xhtml1/DTD/xhtml1-transitional.dtd">
<html xmlns="http://www.w3.org/1999/xhtml" xml:lang="en" lang="en">
 <head>
  <title>
</title>
<meta http-equiv="Content-Type" content="text/html;charset=utf-8" />
  <meta name='ocr-system' content='tesseract 3.04.00' />
  <meta name='ocr-capabilities' content='ocr_page ocr_carea ocr_par ocr_line ocrx_word'/>
</head>
<body>
  <div class='ocr_page' id='page_1' title='image "./decoronaetdefal00voemgoog_0269.png"; bbox 0 0 3084 4938; ppageno 0'>
   <div class='ocr_carea' id='block_1_1' title="bbox 949 366 2637 428">
    <p class='ocr_par' dir='ltr' id='par_1_1' title="bbox 949 366 2637 428">
     <span class='ocr_line' id='line_1_1' title="bbox 949 366 2637 428; baseline 0.003 -7"><span class='ocrx_word' id='word_1_1' title='bbox 949 378 1389 421; x_wconf 72' lang='lat' dir='ltr'><strong>Dnuosrnnms</strong></span> <span class='ocrx_word' id='word_1_2' title='bbox 1420 380 1655 423; x_wconf 72' lang='grc' dir='ltr'><strong><em>οΒΑἰίο</em></strong></span> <span class='ocrx_word' id='word_1_3' title='bbox 1688 382 1771 423; x_wconf 76' lang='lat' dir='ltr'><strong>nn</strong></span> <span class='ocrx_word' id='word_1_4' title='bbox 1804 380 2067 423; x_wconf 62' lang='lat' dir='ltr'><strong>conon.</strong></span> <span class='ocrx_word' id='word_1_5' title='bbox 2511 366 2637 428; x_wconf 85' lang='lat'><strong>235</strong></span> 
     </span>
    </p>
   </div>
   <div class='ocr_carea' id='block_1_2' title="bbox 362 528 2639 1439">
    <p class='ocr_par' dir='ltr' id='par_1_2' title="bbox 362 528 2639 1439">
     <span class='ocr_line' id='line_1_2' title="bbox 363 528 2639 627; baseline 0 -22"><span class='ocrx_word' id='word_1_6' title='bbox 363 542 482 627; x_wconf 81' lang='grc' dir='ltr'><strong>βίᾳ</strong></span> <span class='ocrx_word' id='word_1_7' title='bbox 515 536 630 605; x_wconf 76' lang='grc' dir='ltr'><strong>καὶ</strong></span> <span class='ocrx_word' id='word_1_8' title='bbox 663 536 748 625; x_wconf 76' lang='grc' dir='ltr'><strong><em>τῇ</em></strong></span> <span class='ocrx_word' id='word_1_9' title='bbox 781 528 1087 623; x_wconf 69' lang='grc' dir='ltr'><strong><em>ὠμότητι,</em></strong></span> <span class='ocrx_word' id='word_1_10' title='bbox 1127 534 1312 625; x_wconf 87' lang='grc'><strong>(182)</strong></span> <span class='ocrx_word' id='word_1_11' title='bbox 1351 533 1493 624; x_wconf 81' lang='grc' dir='ltr'><strong><em>(καὶ</em></strong></span> <span class='ocrx_word' id='word_1_12' title='bbox 1525 530 1655 625; x_wconf 75' lang='grc' dir='ltr'><strong>γάρ</strong></span> <span class='ocrx_word' id='word_1_13' title='bbox 1683 529 2071 624; x_wconf 76' lang='grc' dir='ltr'><strong><em>Ἑλληνίδας</em></strong></span> <span class='ocrx_word' id='word_1_14' title='bbox 2104 530 2329 615; x_wconf 84' lang='grc' dir='ltr'><strong><em>πόλεις</em></strong></span> <span class='ocrx_word' id='word_1_15' title='bbox 2363 528 2475 615; x_wconf 71' lang='grc' dir='ltr'><strong>ἃς“</strong></span> <span class='ocrx_word' id='word_1_16' title='bbox 2515 536 2639 624; x_wconf 76' lang='grc' dir='ltr'><strong><em>μὲν</em></strong></span> 
     </span>
     <span class='ocr_line' id='line_1_3' title="bbox 365 628 2638 728; baseline -0 -21"><span class='ocrx_word' id='word_1_17' title='bbox 365 628 827 728; x_wconf 73' lang='grc' dir='ltr'><strong><em>ἐμφρούρουςῖ</em></strong></span> <span class='ocrx_word' id='word_1_18' title='bbox 873 632 1086 706; x_wconf 62' lang='grc' dir='ltr'><strong>ποιεῖ3</strong></span> <span class='ocrx_word' id='word_1_19' title='bbox 1131 639 1244 707; x_wconf 81' lang='grc' dir='ltr'><strong>καὶ</strong></span> <span class='ocrx_word' id='word_1_20' title='bbox 1277 632 1394 717; x_wconf 76' lang='grc' dir='ltr'><strong>τὰς</strong></span> <span class='ocrx_word' id='word_1_21' title='bbox 1428 644 1764 719; x_wconf 76' lang='grc' dir='ltr'><strong><em>πολιτείας</em></strong></span> <span class='ocrx_word' id='word_1_22' title='bbox 1800 634 2110 707; x_wconf 79' lang='grc' dir='ltr'><strong><em>καταλύει</em></strong></span> <span class='ocrx_word' id='word_1_23' title='bbox 2127 690 2145 724; x_wconf 82' lang='grc'><em>,</em></span> <span class='ocrx_word' id='word_1_24' title='bbox 2194 633 2378 717; x_wconf 72' lang='grc' dir='ltr'><strong><em>τινας</em></strong></span> <span class='ocrx_word' id='word_1_25' title='bbox 2416 638 2491 707; x_wconf 77' lang='grc' dir='ltr'><strong>δὲ</strong></span> <span class='ocrx_word' id='word_1_26' title='bbox 2524 639 2638 707; x_wconf 81' lang='grc' dir='ltr'><strong>καὶ</strong></span> 
     </span>
     <span class='ocr_line' id='line_1_4' title="bbox 365 733 2639 828; baseline 0 -19"><span class='ocrx_word' id='word_1_27' title='bbox 365 733 1106 828; x_wconf 60' lang='grc' dir='ltr'><strong><em>ἐξανδραποδιζόμενος*</em></strong></span> <span class='ocrx_word' id='word_1_28' title='bbox 1157 735 1631 825; x_wconf 73' lang='grc' dir='ltr'><strong><em>κατασκάπτει,</em></strong></span> <span class='ocrx_word' id='word_1_29' title='bbox 1685 746 1777 819; x_wconf 80' lang='grc' dir='ltr'><strong><em>εἰς</em></strong></span> <span class='ocrx_word' id='word_1_30' title='bbox 1829 742 2007 819; x_wconf 83' lang='grc' dir='ltr'><strong><em>ἐνίας</em></strong></span> <span class='ocrx_word' id='word_1_31' title='bbox 2054 739 2131 807; x_wconf 74' lang='grc' dir='ltr'><strong>δὲ</strong></span> <span class='ocrx_word' id='word_1_32' title='bbox 2178 741 2289 808; x_wconf 83' lang='grc' dir='ltr'><strong>καὶ</strong></span> <span class='ocrx_word' id='word_1_33' title='bbox 2324 734 2475 809; x_wconf 76' lang='grc' dir='ltr'><strong><em>ἀντὶ</em></strong></span> <span class='ocrx_word' id='word_1_34' title='bbox 2501 733 2639 809; x_wconf 59' lang='grc' dir='ltr'><strong>Ἐλ-</strong></span> 
     </span>
     <span class='ocr_line' id='line_1_5' title="bbox 363 836 2639 930; baseline -0.001 -19"><span class='ocrx_word' id='word_1_35' title='bbox 363 838 588 929; x_wconf 80' lang='grc' dir='ltr'><strong><em>λήνων</em></strong></span> <span class='ocrx_word' id='word_1_36' title='bbox 623 838 1006 929; x_wconf 76' lang='grc' dir='ltr'><strong><em>βαρβάρους</em></strong></span> <span class='ocrx_word' id='word_1_37' title='bbox 1041 848 1388 924; x_wconf 83' lang='grc' dir='ltr'><strong><em>κατοικίζει</em></strong></span> <span class='ocrx_word' id='word_1_38' title='bbox 1425 843 1532 911; x_wconf 78' lang='grc' dir='ltr'><strong>ἐπὶ</strong></span> <span class='ocrx_word' id='word_1_39' title='bbox 1567 838 1647 910; x_wconf 77' lang='grc' dir='ltr'><strong><em>τὰ</em></strong></span> <span class='ocrx_word' id='word_1_40' title='bbox 1684 836 1830 930; x_wconf 73' lang='grc' dir='ltr'><strong><em>ἱερὰ</em></strong></span> <span class='ocrx_word' id='word_1_41' title='bbox 1863 840 1972 909; x_wconf 80' lang='grc' dir='ltr'><strong>καὶ</strong></span> <span class='ocrx_word' id='word_1_42' title='bbox 2007 836 2162 920; x_wconf 84' lang='grc' dir='ltr'><strong><em>τούς</em></strong></span> <span class='ocrx_word' id='word_1_43' title='bbox 2197 838 2449 929; x_wconf 79' lang='grc' dir='ltr'><strong><em>τάφους</em></strong></span> <span class='ocrx_word' id='word_1_44' title='bbox 2486 837 2639 909; x_wconf 79' lang='grc' dir='ltr'><strong><em>ἐπά·</em></strong></span> 
     </span>
     <span class='ocr_line' id='line_1_6' title="bbox 363 936 2639 1031; baseline 0 -20"><span class='ocrx_word' id='word_1_45' title='bbox 363 970 534 1031; x_wconf 82' lang='grc' dir='ltr'><strong><em>γων,</em></strong></span> <span class='ocrx_word' id='word_1_46' title='bbox 583 937 790 1012; x_wconf 73' lang='grc' dir='ltr'><strong><em>οὐδὲν</em></strong></span> <span class='ocrx_word' id='word_1_47' title='bbox 835 936 1184 1031; x_wconf 76' lang='grc' dir='ltr'><strong><em>ἀλλότριον</em></strong></span> <span class='ocrx_word' id='word_1_48' title='bbox 1217 944 1432 1011; x_wconf 64' lang='grc' dir='ltr'><strong><em>ποιεῖν</em></strong></span> <span class='ocrx_word' id='word_1_49' title='bbox 1478 939 1635 1011; x_wconf 77' lang='grc' dir='ltr'><strong><em>οὔτε</em></strong></span> <span class='ocrx_word' id='word_1_50' title='bbox 1680 944 1795 1030; x_wconf 85' lang='grc' dir='ltr'><strong>τῆς</strong></span> <span class='ocrx_word' id='word_1_51' title='bbox 1844 944 2089 1011; x_wconf 78' lang='grc' dir='ltr'><strong><em>ἑαυτοῦ</em></strong></span> <span class='ocrx_word' id='word_1_52' title='bbox 2130 947 2447 1031; x_wconf 82' lang='grc' dir='ltr'><strong><em>πατρίδος</em></strong></span> <span class='ocrx_word' id='word_1_53' title='bbox 2483 938 2639 1012; x_wconf 76' lang='grc' dir='ltr'><strong><em>οὔτε</em></strong></span> 
     </span>
     <span class='ocr_line' id='line_1_7' title="bbox 362 1037 2638 1135; baseline -0 -21"><span class='ocrx_word' id='word_1_54' title='bbox 362 1048 484 1114; x_wconf 87' lang='grc' dir='ltr'><strong><em>τοῦ</em></strong></span> <span class='ocrx_word' id='word_1_55' title='bbox 516 1040 796 1133; x_wconf 80' lang='grc' dir='ltr'><strong><em>τρόπου,</em></strong></span> <span class='ocrx_word' id='word_1_56' title='bbox 835 1045 945 1111; x_wconf 76' lang='grc' dir='ltr'><strong>καὶ</strong></span> <span class='ocrx_word' id='word_1_57' title='bbox 980 1048 1065 1132; x_wconf 85' lang='grc' dir='ltr'><strong><em>τῇ</em></strong></span> <span class='ocrx_word' id='word_1_58' title='bbox 1095 1046 1228 1113; x_wconf 80' lang='grc' dir='ltr'><strong>νῦν</strong></span> <span class='ocrx_word' id='word_1_59' title='bbox 1263 1037 1480 1135; x_wconf 46' lang='lat' dir='ltr'><strong>avit&amp;</strong></span> <span class='ocrx_word' id='word_1_60' title='bbox 1515 1041 1821 1133; x_wconf 79' lang='grc' dir='ltr'><strong><em>παρούσῃ</em></strong></span> <span class='ocrx_word' id='word_1_61' title='bbox 1856 1040 2023 1133; x_wconf 82' lang='grc' dir='ltr'><strong><em>τύχῃ</em></strong></span> <span class='ocrx_word' id='word_1_62' title='bbox 2060 1040 2439 1134; x_wconf 85' lang='grc' dir='ltr'><strong><em>κατακόρως</em></strong></span> <span class='ocrx_word' id='word_1_63' title='bbox 2472 1042 2638 1134; x_wconf 79' lang='grc' dir='ltr'><strong>χραὶ-</strong></span> 
     </span>
     <span class='ocr_line' id='line_1_8' title="bbox 363 1139 2639 1235; baseline 0 -20"><span class='ocrx_word' id='word_1_64' title='bbox 363 1172 560 1235; x_wconf 88' lang='grc' dir='ltr'><strong><em>μενος</em></strong></span> <span class='ocrx_word' id='word_1_65' title='bbox 573 1139 620 1233; x_wconf 71' lang='lat'><strong>‚⁶</strong></span> <span class='ocrx_word' id='word_1_66' title='bbox 672 1146 1176 1234; x_wconf 78' lang='grc' dir='ltr'><strong><em>ἐπιλελησμένος</em></strong></span> <span class='ocrx_word' id='word_1_67' title='bbox 1228 1146 1472 1215; x_wconf 73' lang='grc' dir='ltr'><strong><em>ἑαυτοῦ</em></strong></span> <span class='ocrx_word' id='word_1_68' title='bbox 1504 1141 1605 1215; x_wconf 82' lang='grc' dir='ltr'><strong><em>ὅτι</em></strong></span> <span class='ocrx_word' id='word_1_69' title='bbox 1644 1148 1717 1213; x_wconf 78' lang='grc' dir='ltr'><strong>ἐκ</strong></span> <span class='ocrx_word' id='word_1_70' title='bbox 1750 1148 1993 1234; x_wconf 81' lang='grc' dir='ltr'><strong><em>μικροῦ</em></strong></span> <span class='ocrx_word' id='word_1_71' title='bbox 2026 1146 2139 1213; x_wconf 82' lang='grc' dir='ltr'><strong>καὶ</strong></span> <span class='ocrx_word' id='word_1_72' title='bbox 2172 1147 2297 1215; x_wconf 81' lang='grc' dir='ltr'><strong><em>τοῦ</em></strong></span> <span class='ocrx_word' id='word_1_73' title='bbox 2326 1143 2639 1235; x_wconf 82' lang='grc' dir='ltr'><strong><em>τυχόντος</em></strong></span> 
     </span>
     <span class='ocr_line' id='line_1_9' title="bbox 362 1240 2638 1337; baseline -0 -20"><span class='ocrx_word' id='word_1_74' title='bbox 362 1249 639 1335; x_wconf 72' lang='grc' dir='ltr'><strong><em>γέγονεν</em></strong></span> <span class='ocrx_word' id='word_1_75' title='bbox 686 1242 1096 1328; x_wconf 72' lang='grc' dir='ltr'><strong><em>ἀνελπίστως</em></strong></span> <span class='ocrx_word' id='word_1_76' title='bbox 1123 1242 1177 1335; x_wconf 80' lang='lat'><strong>⁷)</strong></span> <span class='ocrx_word' id='word_1_77' title='bbox 1239 1245 1424 1337; x_wconf 81' lang='lat'>(183)</span> <span class='ocrx_word' id='word_1_78' title='bbox 1478 1240 1626 1315; x_wconf 75' lang='grc' dir='ltr'><strong>καὶ1</strong></span> <span class='ocrx_word' id='word_1_79' title='bbox 1666 1250 1789 1327; x_wconf 79' lang='grc' dir='ltr'><strong><em>ἕως</em></strong></span> <span class='ocrx_word' id='word_1_80' title='bbox 1833 1246 1957 1335; x_wconf 74' lang='grc' dir='ltr'><strong><em>μὲν</em></strong></span> <span class='ocrx_word' id='word_1_81' title='bbox 1992 1244 2215 1326; x_wconf 88' lang='grc' dir='ltr'><strong><em>πόλεις</em></strong></span> <span class='ocrx_word' id='word_1_82' title='bbox 2264 1244 2441 1337; x_wconf 74' lang='grc' dir='ltr'><strong><em>ἑώρα</em></strong></span> <span class='ocrx_word' id='word_1_83' title='bbox 2476 1273 2638 1336; x_wconf 86' lang='grc' dir='ltr'><strong><em>παρ-</em></strong></span> 
     </span>
     <span class='ocr_line' id='line_1_10' title="bbox 363 1340 2638 1439; baseline 0 -22"><span class='ocrx_word' id='word_1_84' title='bbox 363 1345 764 1438; x_wconf 79' lang='grc' dir='ltr'><strong><em>αιρούμενον</em></strong></span> <span class='ocrx_word' id='word_1_85' title='bbox 811 1343 1018 1418; x_wconf 74' lang='grc' dir='ltr'><strong><em>αὐτὸν</em></strong></span> <span class='ocrx_word' id='word_1_86' title='bbox 1063 1345 1443 1439; x_wconf 86' lang='grc' dir='ltr'><strong><em>βαρβάρους</em></strong></span> <span class='ocrx_word' id='word_1_87' title='bbox 1489 1351 1601 1418; x_wconf 83' lang='grc' dir='ltr'><strong>καὶ</strong></span> <span class='ocrx_word' id='word_1_88' title='bbox 1638 1354 1813 1429; x_wconf 82' lang='grc' dir='ltr'><strong><em>ἰδίας</em></strong></span> <span class='ocrx_word' id='word_1_89' title='bbox 1827 1340 1876 1437; x_wconf 83' lang='lat'><strong>,²</strong></span> <span class='ocrx_word' id='word_1_90' title='bbox 1909 1342 2419 1437; x_wconf 71' lang='grc' dir='ltr'><strong><em>ὖπελάμβανεν3</em></strong></span> <span class='ocrx_word' id='word_1_91' title='bbox 2456 1355 2638 1418; x_wconf 77' lang='grc' dir='ltr'><strong><em>ἔλατ·-</em></strong></span> 
     </span>
    </p>
   </div>
   <div class='ocr_carea' id='block_1_3' title="bbox 360 1550 2639 2055">
    <p class='ocr_par' dir='ltr' id='par_1_3' title="bbox 360 1550 2639 2055">
     <span class='ocr_line' id='line_1_11' title="bbox 363 1550 2639 1626; baseline 0 -19"><span class='ocrx_word' id='word_1_92' title='bbox 363 1550 561 1608; x_wconf 85' lang='lat' dir='ltr'><strong>Graeca</strong></span> <span class='ocrx_word' id='word_1_93' title='bbox 595 1552 790 1625; x_wconf 88' lang='lat' dir='ltr'><strong>oppida</strong></span> <span class='ocrx_word' id='word_1_94' title='bbox 823 1550 926 1608; x_wconf 86' lang='lat' dir='ltr'><strong>alia</strong></span> <span class='ocrx_word' id='word_1_95' title='bbox 957 1550 1244 1625; x_wconf 78' lang='lat' dir='ltr'><strong>praesidiis</strong></span> <span class='ocrx_word' id='word_1_96' title='bbox 1277 1560 1423 1608; x_wconf 84' lang='lat' dir='ltr'><strong>tenet</strong></span> <span class='ocrx_word' id='word_1_97' title='bbox 1451 1560 1508 1608; x_wconf 82' lang='lat' dir='ltr'><strong>et</strong></span> <span class='ocrx_word' id='word_1_98' title='bbox 1537 1550 1876 1626; x_wconf 82' lang='lat' dir='ltr'><strong>respublicas</strong></span> <span class='ocrx_word' id='word_1_99' title='bbox 1908 1551 2151 1623; x_wconf 83' lang='lat' dir='ltr'><strong>abrogat,</strong></span> <span class='ocrx_word' id='word_1_100' title='bbox 2186 1550 2447 1626; x_wconf 80' lang='lat' dir='ltr'><strong>quaedam</strong></span> <span class='ocrx_word' id='word_1_101' title='bbox 2480 1555 2639 1609; x_wconf 77' lang='lat' dir='ltr'><strong>etiam</strong></span> 
     </span>
     <span class='ocr_line' id='line_1_12' title="bbox 363 1634 2639 1702; baseline 0.001 -10"><span class='ocrx_word' id='word_1_102' title='bbox 363 1636 628 1694; x_wconf 75' lang='lat' dir='ltr'><strong>exscindit</strong></span> <span class='ocrx_word' id='word_1_103' title='bbox 658 1644 714 1691; x_wconf 82' lang='lat' dir='ltr'><strong>et</strong></span> <span class='ocrx_word' id='word_1_104' title='bbox 742 1639 884 1693; x_wconf 84' lang='lat' dir='ltr'><strong>cives</strong></span> <span class='ocrx_word' id='word_1_105' title='bbox 915 1636 1113 1700; x_wconf 83' lang='lat' dir='ltr'><strong>vendit,</strong></span> <span class='ocrx_word' id='word_1_106' title='bbox 1145 1638 1200 1693; x_wconf 89' lang='lat' dir='ltr'><strong>in</strong></span> <span class='ocrx_word' id='word_1_107' title='bbox 1229 1637 1508 1694; x_wconf 87' lang='lat' dir='ltr'><strong>nonnullis</strong></span> <span class='ocrx_word' id='word_1_108' title='bbox 1540 1634 1737 1698; x_wconf 72' lang='lat' dir='ltr'><strong>autem,</strong></span> <span class='ocrx_word' id='word_1_109' title='bbox 1764 1637 1925 1691; x_wconf 85' lang='lat' dir='ltr'><strong>etiam</strong></span> <span class='ocrx_word' id='word_1_110' title='bbox 1957 1637 2147 1692; x_wconf 80' lang='lat' dir='ltr'><strong>eiectis</strong></span> <span class='ocrx_word' id='word_1_111' title='bbox 2178 1634 2414 1702; x_wconf 80' lang='lat' dir='ltr'><strong>GraeciS‚</strong></span> <span class='ocrx_word' id='word_1_112' title='bbox 2446 1636 2639 1694; x_wconf 81' lang='lat' dir='ltr'><strong>barba-</strong></span> 
     </span>
     <span class='ocr_line' id='line_1_13' title="bbox 364 1720 2639 1797; baseline -0.001 -19"><span class='ocrx_word' id='word_1_113' title='bbox 364 1740 458 1778; x_wconf 89' lang='lat' dir='ltr'><strong>ros</strong></span> <span class='ocrx_word' id='word_1_114' title='bbox 487 1720 748 1784; x_wconf 84' lang='lat' dir='ltr'><strong>collocat,</strong></span> <span class='ocrx_word' id='word_1_115' title='bbox 781 1722 835 1777; x_wconf 89' lang='lat' dir='ltr'><strong>in</strong></span> <span class='ocrx_word' id='word_1_116' title='bbox 866 1721 985 1777; x_wconf 82' lang='lat' dir='ltr'><strong>fana</strong></span> <span class='ocrx_word' id='word_1_117' title='bbox 1011 1729 1066 1777; x_wconf 85' lang='lat' dir='ltr'><strong>et</strong></span> <span class='ocrx_word' id='word_1_118' title='bbox 1099 1722 1346 1797; x_wconf 85' lang='lat' dir='ltr'><strong>sepulcra</strong></span> <span class='ocrx_word' id='word_1_119' title='bbox 1379 1722 1661 1785; x_wconf 77' lang='lat' dir='ltr'><strong>inductos,</strong></span> <span class='ocrx_word' id='word_1_120' title='bbox 1696 1723 1748 1777; x_wconf 91' lang='lat' dir='ltr'><strong>in</strong></span> <span class='ocrx_word' id='word_1_121' title='bbox 1779 1738 1887 1795; x_wconf 88' lang='lat' dir='ltr'><strong>quo</strong></span> <span class='ocrx_word' id='word_1_122' title='bbox 1921 1720 2053 1775; x_wconf 88' lang='lat' dir='ltr'><strong>nihil</strong></span> <span class='ocrx_word' id='word_1_123' title='bbox 2086 1737 2215 1775; x_wconf 85' lang='lat' dir='ltr'><strong>sanc</strong></span> <span class='ocrx_word' id='word_1_124' title='bbox 2246 1721 2478 1777; x_wconf 85' lang='lat' dir='ltr'><strong>alienum</strong></span> <span class='ocrx_word' id='word_1_125' title='bbox 2510 1721 2639 1778; x_wconf 75' lang='lat' dir='ltr'><strong>facit</strong></span> 
     </span>
     <span class='ocr_line' id='line_1_14' title="bbox 360 1803 2635 1881; baseline 0 -21"><span class='ocrx_word' id='word_1_126' title='bbox 360 1806 446 1861; x_wconf 81' lang='lat' dir='ltr'><strong>vel</strong></span> <span class='ocrx_word' id='word_1_127' title='bbox 478 1808 650 1881; x_wconf 84' lang='lat' dir='ltr'><strong>patria</strong></span> <span class='ocrx_word' id='word_1_128' title='bbox 680 1824 774 1863; x_wconf 87' lang='lat' dir='ltr'><strong>sua</strong></span> <span class='ocrx_word' id='word_1_129' title='bbox 807 1805 888 1862; x_wconf 86' lang='lat' dir='ltr'><strong>vel</strong></span> <span class='ocrx_word' id='word_1_130' title='bbox 921 1807 1189 1869; x_wconf 86' lang='lat' dir='ltr'><strong>moribus,</strong></span> <span class='ocrx_word' id='word_1_131' title='bbox 1234 1815 1288 1862; x_wconf 85' lang='lat' dir='ltr'><strong>et</strong></span> <span class='ocrx_word' id='word_1_132' title='bbox 1327 1815 1615 1881; x_wconf 82' lang='lat' dir='ltr'><strong>praesente</strong></span> <span class='ocrx_word' id='word_1_133' title='bbox 1658 1808 1757 1863; x_wconf 87' lang='lat' dir='ltr'><strong>hac</strong></span> <span class='ocrx_word' id='word_1_134' title='bbox 1802 1823 1899 1861; x_wconf 83' lang='lat' dir='ltr'><strong>sua</strong></span> <span class='ocrx_word' id='word_1_135' title='bbox 1931 1804 2150 1861; x_wconf 81' lang='lat' dir='ltr'><strong>fortuna</strong></span> <span class='ocrx_word' id='word_1_136' title='bbox 2183 1803 2417 1880; x_wconf 83' lang='lat' dir='ltr'><strong>superbe</strong></span> <span class='ocrx_word' id='word_1_137' title='bbox 2445 1807 2635 1868; x_wconf 77' lang='lat' dir='ltr'><strong>utitur,</strong></span> 
     </span>
     <span class='ocr_line' id='line_1_15' title="bbox 363 1888 2639 1967; baseline -0.001 -20"><span class='ocrx_word' id='word_1_138' title='bbox 363 1890 567 1947; x_wconf 80' lang='lat' dir='ltr'><strong>oblitus</strong></span> <span class='ocrx_word' id='word_1_139' title='bbox 591 1894 691 1953; x_wconf 91' lang='lat' dir='ltr'><strong>sui.</strong></span> <span class='ocrx_word' id='word_1_140' title='bbox 717 1893 810 1966; x_wconf 88' lang='lat' dir='ltr'><strong>qui</strong></span> <span class='ocrx_word' id='word_1_141' title='bbox 833 1906 862 1947; x_wconf 91' lang='lat' dir='ltr'><strong>e</strong></span> <span class='ocrx_word' id='word_1_142' title='bbox 885 1909 1052 1965; x_wconf 84' lang='lat' dir='ltr'><strong>parvo</strong></span> <span class='ocrx_word' id='word_1_143' title='bbox 1084 1900 1138 1947; x_wconf 80' lang='lat' dir='ltr'><strong>et</strong></span> <span class='ocrx_word' id='word_1_144' title='bbox 1168 1892 1412 1967; x_wconf 84' lang='lat' dir='ltr'><strong>quolibet</strong></span> <span class='ocrx_word' id='word_1_145' title='bbox 1441 1892 1619 1948; x_wconf 78' lang='lat' dir='ltr'><strong>factus</strong></span> <span class='ocrx_word' id='word_1_146' title='bbox 1652 1894 1740 1952; x_wconf 85' lang='lat' dir='ltr'><strong>sit.</strong></span> <span class='ocrx_word' id='word_1_147' title='bbox 1761 1888 1972 1964; x_wconf 85' lang='lat' dir='ltr'><strong>qualem</strong></span> <span class='ocrx_word' id='word_1_148' title='bbox 2006 1906 2064 1945; x_wconf 86' lang='lat' dir='ltr'><strong>se</strong></span> <span class='ocrx_word' id='word_1_149' title='bbox 2095 1891 2214 1963; x_wconf 88' lang='lat' dir='ltr'><strong>ipse</strong></span> <span class='ocrx_word' id='word_1_150' title='bbox 2244 1907 2351 1946; x_wconf 89' lang='lat' dir='ltr'><strong>non</strong></span> <span class='ocrx_word' id='word_1_151' title='bbox 2385 1888 2639 1964; x_wconf 79' lang='lat' dir='ltr'><strong>sperabat</strong></span> 
     </span>
     <span class='ocr_line' id='line_1_16' title="bbox 363 1973 2639 2055; baseline -0 -23"><span class='ocrx_word' id='word_1_152' title='bbox 363 1973 520 2055; x_wconf 78' lang='lat' dir='ltr'><strong>sore).</strong></span> <span class='ocrx_word' id='word_1_153' title='bbox 589 1975 732 2049; x_wconf 80' lang='lat'>(183)</span> <span class='ocrx_word' id='word_1_154' title='bbox 764 1994 826 2033; x_wconf 82' lang='lat' dir='ltr'><strong>ac</strong></span> <span class='ocrx_word' id='word_1_155' title='bbox 855 1976 982 2031; x_wconf 90' lang='lat' dir='ltr'><strong>dum</strong></span> <span class='ocrx_word' id='word_1_156' title='bbox 1013 1978 1210 2051; x_wconf 81' lang='lat' dir='ltr'><strong>oppida</strong></span> <span class='ocrx_word' id='word_1_157' title='bbox 1241 1992 1364 2035; x_wconf 87' lang='lat' dir='ltr'><strong>eum</strong></span> <span class='ocrx_word' id='word_1_158' title='bbox 1395 1976 1703 2033; x_wconf 84' lang='lat' dir='ltr'><strong>videbamus</strong></span> <span class='ocrx_word' id='word_1_159' title='bbox 1735 1977 2167 2049; x_wconf 73' lang='lat' dir='ltr'><strong>intercipientem</strong></span> <span class='ocrx_word' id='word_1_160' title='bbox 2199 1974 2428 2031; x_wconf 84' lang='lat' dir='ltr'><strong>barbara</strong></span> <span class='ocrx_word' id='word_1_161' title='bbox 2459 1982 2512 2030; x_wconf 81' lang='lat' dir='ltr'><strong>et</strong></span> <span class='ocrx_word' id='word_1_162' title='bbox 2542 1993 2639 2031; x_wconf 90' lang='lat' dir='ltr'><strong>no-</strong></span> 
     </span>
    </p>
   </div>
   <div class='ocr_carea' id='block_1_4' title="bbox 365 2125 760 2133">
    <p class='ocr_par' dir='ltr' id='par_1_4' title="bbox 365 2125 760 2133">
     <span class='ocr_line' id='line_1_17' title="bbox 365 2125 760 2133; baseline 0 2805"><span class='ocrx_word' id='word_1_163' title='bbox 365 2125 760 2133; x_wconf 95' lang='lat' dir='ltr'><strong> </strong></span> 
     </span>
    </p>
   </div>
   <div class='ocr_carea' id='block_1_5' title="bbox 499 2214 2637 2291">
    <p class='ocr_par' dir='ltr' id='par_1_5' title="bbox 499 2214 2637 2291">
     <span class='ocr_line' id='line_1_18' title="bbox 499 2214 2637 2291; baseline -0.002 -13"><span class='ocrx_word' id='word_1_164' title='bbox 499 2226 640 2281; x_wconf 79' lang='lat'><strong>182.</strong></span> <span class='ocrx_word' id='word_1_165' title='bbox 715 2224 763 2289; x_wconf 89' lang='lat'><strong>1)</strong></span> <span class='ocrx_word' id='word_1_166' title='bbox 811 2218 974 2284; x_wconf 76' lang='grc' dir='ltr'><strong><em>τινάς</em></strong></span> <span class='ocrx_word' id='word_1_167' title='bbox 1009 2224 1169 2276; x_wconf 79' lang='lat' dir='ltr'><strong>Paul.</strong></span> <span class='ocrx_word' id='word_1_168' title='bbox 1217 2214 1304 2276; x_wconf 81' lang='lat' dir='ltr'><strong>c&#39;f.</strong></span> <span class='ocrx_word' id='word_1_169' title='bbox 1341 2226 1389 2287; x_wconf 72' lang='lat'><strong>§-</strong></span> <span class='ocrx_word' id='word_1_170' title='bbox 1429 2224 1542 2276; x_wconf 80' lang='lat'><strong>164.</strong></span> <span class='ocrx_word' id='word_1_171' title='bbox 1646 2226 1701 2289; x_wconf 93' lang='grc'><strong>2)</strong></span> <span class='ocrx_word' id='word_1_172' title='bbox 1741 2217 2029 2291; x_wconf 77' lang='grc' dir='ltr'><strong><em>ἐμφὸρονς</em></strong></span> <span class='ocrx_word' id='word_1_173' title='bbox 2064 2224 2235 2291; x_wconf 85' lang='lat' dir='ltr'><strong>Aug2.</strong></span> <span class='ocrx_word' id='word_1_174' title='bbox 2272 2228 2389 2275; x_wconf 82' lang='lat' dir='ltr'><strong>text</strong></span> <span class='ocrx_word' id='word_1_175' title='bbox 2421 2222 2485 2279; x_wconf 85' lang='grc' dir='ltr'><em>Ω</em></span> <span class='ocrx_word' id='word_1_176' title='bbox 2520 2224 2637 2289; x_wconf 81' lang='lat' dir='ltr'><strong>(ha-</strong></span> 
     </span>
    </p>
   </div>
   <div class='ocr_carea' id='block_1_6' title="bbox 362 2324 2639 2444">
    <p class='ocr_par' dir='ltr' id='par_1_6' title="bbox 362 2324 2639 2444">
     <span class='ocr_line' id='line_1_19' title="bbox 362 2324 2639 2444; baseline 0.001 -17"><span class='ocrx_word' id='word_1_177' title='bbox 362 2377 500 2428; x_wconf 84' lang='lat' dir='ltr'><strong>bens</strong></span> <span class='ocrx_word' id='word_1_178' title='bbox 532 2377 680 2444; x_wconf 80' lang='lat' dir='ltr'><strong>vulg.</strong></span> <span class='ocrx_word' id='word_1_179' title='bbox 718 2378 777 2428; x_wconf 86' lang='lat' dir='ltr'><strong>in</strong></span> <span class='ocrx_word' id='word_1_180' title='bbox 811 2377 1006 2444; x_wconf 78' lang='lat' dir='ltr'><strong>marg).</strong></span> <span class='ocrx_word' id='word_1_181' title='bbox 1147 2377 1200 2442; x_wconf 80' lang='lat'><strong>3)</strong></span> <span class='ocrx_word' id='word_1_182' title='bbox 1238 2376 1516 2444; x_wconf 81' lang='grc' dir='ltr'><strong><em>πεποίηκε</em></strong></span> <span class='ocrx_word' id='word_1_183' title='bbox 1554 2379 1691 2429; x_wconf 84' lang='lat' dir='ltr'><strong>Ven.</strong></span> <span class='ocrx_word' id='word_1_184' title='bbox 1826 2377 1882 2443; x_wconf 78' lang='lat'><strong>4)</strong></span> <span class='ocrx_word' id='word_1_185' title='bbox 1938 2324 2559 2444; x_wconf 59' lang='grc' dir='ltr'><strong><em>ἔξανδραποδιῖόιμενος</em></strong></span> <span class='ocrx_word' id='word_1_186' title='bbox 2591 2394 2639 2429; x_wconf 79' lang='lat' dir='ltr'><strong>r.</strong></span> 
     </span>
    </p>
   </div>
   <div class='ocr_carea' id='block_1_7' title="bbox 277 2451 2641 4482">
    <p class='ocr_par' dir='ltr' id='par_1_7' title="bbox 354 2451 2641 3888">
     <span class='ocr_line' id='line_1_20' title="bbox 361 2451 2641 2530; baseline 0 -16"><span class='ocrx_word' id='word_1_187' title='bbox 361 2462 414 2526; x_wconf 83' lang='lat'><strong>5)</strong></span> <span class='ocrx_word' id='word_1_188' title='bbox 452 2451 608 2528; x_wconf 73' lang='lat' dir='ltr'><strong>oev’tqti</strong></span> <span class='ocrx_word' id='word_1_189' title='bbox 639 2462 848 2515; x_wconf 78' lang='lat' dir='ltr'><strong>LaurS.</strong></span> <span class='ocrx_word' id='word_1_190' title='bbox 888 2463 1038 2530; x_wconf 77' lang='lat' dir='ltr'><strong>vulg.</strong></span> <span class='ocrx_word' id='word_1_191' title='bbox 1089 2489 1148 2499; x_wconf 90' lang='lat'><strong>—-</strong></span> <span class='ocrx_word' id='word_1_192' title='bbox 1198 2460 1375 2514; x_wconf 76' lang='grc' dir='ltr'><strong><em>αυτῶι</em></strong></span> <span class='ocrx_word' id='word_1_193' title='bbox 1412 2462 1478 2514; x_wconf 90' lang='grc' dir='ltr'><strong>Σ.</strong></span> <span class='ocrx_word' id='word_1_194' title='bbox 1522 2489 1578 2498; x_wconf 89' lang='lat'><strong>--</strong></span> <span class='ocrx_word' id='word_1_195' title='bbox 1620 2452 1778 2526; x_wconf 73' lang='grc' dir='ltr'><strong><em>αὐτῷ</em></strong></span> <span class='ocrx_word' id='word_1_196' title='bbox 1810 2461 1987 2515; x_wconf 78' lang='lat' dir='ltr'><strong>Bekk.</strong></span> <span class='ocrx_word' id='word_1_197' title='bbox 2114 2462 2165 2526; x_wconf 87' lang='lat'><strong>6)</strong></span> <span class='ocrx_word' id='word_1_198' title='bbox 2204 2456 2641 2530; x_wconf 72' lang='grc' dir='ltr'><strong><em>καταχρώμενος</em></strong></span> 
     </span>
     <span class='ocr_line' id='line_1_21' title="bbox 363 2539 2641 2615; baseline -0.001 -15"><span class='ocrx_word' id='word_1_199' title='bbox 363 2547 505 2611; x_wconf 77' lang='lat' dir='ltr'><strong>(sine</strong></span> <span class='ocrx_word' id='word_1_200' title='bbox 529 2543 727 2611; x_wconf 70' lang='grc' dir='ltr'><strong><em>κόραις)</em></strong></span> <span class='ocrx_word' id='word_1_201' title='bbox 769 2565 812 2600; x_wconf 77' lang='lat' dir='ltr'><strong>s.</strong></span> <span class='ocrx_word' id='word_1_202' title='bbox 883 2548 936 2612; x_wconf 90' lang='grc'><strong>7)</strong></span> <span class='ocrx_word' id='word_1_203' title='bbox 973 2539 1324 2608; x_wconf 76' lang='grc' dir='ltr'><strong><em>ἆνελπίστως</em></strong></span> <span class='ocrx_word' id='word_1_204' title='bbox 1359 2549 1454 2598; x_wconf 81' lang='lat' dir='ltr'><strong>eit.</strong></span> <span class='ocrx_word' id='word_1_205' title='bbox 1492 2547 1863 2598; x_wconf 83' lang='lat' dir='ltr'><strong>BekkAneed.</strong></span> <span class='ocrx_word' id='word_1_206' title='bbox 1900 2564 1953 2613; x_wconf 85' lang='lat' dir='ltr'><strong>p.</strong></span> <span class='ocrx_word' id='word_1_207' title='bbox 1990 2545 2071 2598; x_wconf 85' lang='grc'><strong>80.</strong></span> <span class='ocrx_word' id='word_1_208' title='bbox 2113 2575 2175 2584; x_wconf 90' lang='grc'><strong>-</strong></span> <span class='ocrx_word' id='word_1_209' title='bbox 2210 2549 2430 2600; x_wconf 78' lang='lat' dir='ltr'><strong>Addunt</strong></span> <span class='ocrx_word' id='word_1_210' title='bbox 2463 2544 2641 2615; x_wconf 75' lang='grc' dir='ltr'><strong><em>μέγας</em></strong></span> 
     </span>
     <span class='ocr_line' id='line_1_22' title="bbox 361 2623 2641 2700; baseline 0 -16"><span class='ocrx_word' id='word_1_211' title='bbox 361 2639 486 2700; x_wconf 83' lang='lat' dir='ltr'><strong>post</strong></span> <span class='ocrx_word' id='word_1_212' title='bbox 519 2623 718 2684; x_wconf 74' lang='grc' dir='ltr'><strong>ἅνελπ.</strong></span> <span class='ocrx_word' id='word_1_213' title='bbox 755 2633 968 2684; x_wconf 79' lang='lat' dir='ltr'><strong>Aldetc.</strong></span> <span class='ocrx_word' id='word_1_214' title='bbox 1007 2633 1079 2695; x_wconf 79' lang='lat' dir='ltr'><strong>(le.</strong></span> <span class='ocrx_word' id='word_1_215' title='bbox 1115 2649 1160 2683; x_wconf 76' lang='lat' dir='ltr'><strong>s.</strong></span> <span class='ocrx_word' id='word_1_216' title='bbox 1197 2631 1416 2695; x_wconf 85' lang='lat' dir='ltr'><strong>Vind5).</strong></span> <span class='ocrx_word' id='word_1_217' title='bbox 1478 2661 1540 2669; x_wconf 96' lang='lat'>—</span> <span class='ocrx_word' id='word_1_218' title='bbox 1602 2647 1687 2683; x_wconf 92' lang='lat' dir='ltr'><strong>om</strong></span> <span class='ocrx_word' id='word_1_219' title='bbox 1724 2631 1791 2682; x_wconf 90' lang='grc' dir='ltr'><strong>Σ.</strong></span> <span class='ocrx_word' id='word_1_220' title='bbox 1838 2649 1903 2698; x_wconf 88' lang='lat' dir='ltr'><strong>pr</strong></span> <span class='ocrx_word' id='word_1_221' title='bbox 1936 2633 2145 2684; x_wconf 73' lang='lat' dir='ltr'><strong>Laui-S.</strong></span> <span class='ocrx_word' id='word_1_222' title='bbox 2192 2633 2341 2698; x_wconf 80' lang='lat' dir='ltr'><strong>vulg.</strong></span> <span class='ocrx_word' id='word_1_223' title='bbox 2412 2635 2641 2685; x_wconf 77' lang='lat' dir='ltr'><strong>Habent</strong></span> 
     </span>
     <span class='ocr_line' id='line_1_23' title="bbox 359 2713 2637 2790; baseline 0 -22"><span class='ocrx_word' id='word_1_224' title='bbox 359 2719 420 2768; x_wconf 85' lang='lat' dir='ltr'><strong>in</strong></span> <span class='ocrx_word' id='word_1_225' title='bbox 454 2734 610 2784; x_wconf 69' lang='lat' dir='ltr'><strong>marg</strong></span> <span class='ocrx_word' id='word_1_226' title='bbox 645 2717 852 2768; x_wconf 78' lang='lat' dir='ltr'><strong>LaurS.</strong></span> <span class='ocrx_word' id='word_1_227' title='bbox 891 2734 961 2768; x_wconf 89' lang='lat' dir='ltr'><strong>m.</strong></span> <span class='ocrx_word' id='word_1_228' title='bbox 1000 2719 1326 2769; x_wconf 83' lang='lat' dir='ltr'><strong>recentiore.</strong></span> <span class='ocrx_word' id='word_1_229' title='bbox 1362 2714 1442 2771; x_wconf 87' lang='grc' dir='ltr'><strong>Ω.</strong></span> <span class='ocrx_word' id='word_1_230' title='bbox 1479 2715 1638 2768; x_wconf 75' lang='lat' dir='ltr'><strong>Pau,</strong></span> <span class='ocrx_word' id='word_1_231' title='bbox 1677 2743 1741 2752; x_wconf 92' lang='lat'>—</span> <span class='ocrx_word' id='word_1_232' title='bbox 1788 2723 2053 2782; x_wconf 78' lang='lat' dir='ltr'><strong>tanquam</strong></span> <span class='ocrx_word' id='word_1_233' title='bbox 2089 2722 2220 2790; x_wconf 58' lang='lat' dir='ltr'><strong>unte</strong></span> <span class='ocrx_word' id='word_1_234' title='bbox 2258 2713 2637 2768; x_wconf 55' lang='lat' dir='ltr'><strong>dveixlinse·</strong></span> 
     </span>
     <span class='ocr_line' id='line_1_24' title="bbox 360 2802 2639 2868; baseline -0.001 -15"><span class='ocrx_word' id='word_1_235' title='bbox 360 2802 584 2853; x_wconf 77' lang='lat' dir='ltr'><strong>rendum</strong></span> <span class='ocrx_word' id='word_1_236' title='bbox 617 2819 666 2852; x_wconf 85' lang='lat' dir='ltr'><strong>r.</strong></span> <span class='ocrx_word' id='word_1_237' title='bbox 712 2827 772 2838; x_wconf 85' lang='lat'><em>-</em></span> <span class='ocrx_word' id='word_1_238' title='bbox 821 2804 1247 2868; x_wconf 81' lang='lat' dir='ltr'><strong>superscriptum</strong></span> <span class='ocrx_word' id='word_1_239' title='bbox 1284 2804 1432 2852; x_wconf 72' lang='lat' dir='ltr'><strong>Man.</strong></span> <span class='ocrx_word' id='word_1_240' title='bbox 1503 2802 1629 2852; x_wconf 80' lang='lat' dir='ltr'><strong>Hac</strong></span> <span class='ocrx_word' id='word_1_241' title='bbox 1683 2803 2017 2852; x_wconf 79' lang='lat' dir='ltr'><strong>auctoritate</strong></span> <span class='ocrx_word' id='word_1_242' title='bbox 2071 2802 2375 2853; x_wconf 80' lang='lat' dir='ltr'><strong>delevimus</strong></span> <span class='ocrx_word' id='word_1_243' title='bbox 2421 2803 2639 2867; x_wconf 78' lang='lat' dir='ltr'><strong>praedi-</strong></span> 
     </span>
     <span class='ocr_line' id='line_1_25' title="bbox 362 2883 2639 2954; baseline -0 -16"><span class='ocrx_word' id='word_1_244' title='bbox 362 2892 560 2949; x_wconf 76' lang='lat' dir='ltr'><strong>catum,</strong></span> <span class='ocrx_word' id='word_1_245' title='bbox 602 2887 744 2952; x_wconf 81' lang='lat' dir='ltr'><strong>quod</strong></span> <span class='ocrx_word' id='word_1_246' title='bbox 781 2888 925 2938; x_wconf 86' lang='lat' dir='ltr'><strong>inest</strong></span> <span class='ocrx_word' id='word_1_247' title='bbox 961 2889 1018 2938; x_wconf 86' lang='lat' dir='ltr'><strong>in</strong></span> <span class='ocrx_word' id='word_1_248' title='bbox 1053 2883 1306 2954; x_wconf 72' lang='grc' dir='ltr'><strong><em>γέγονεν,</em></strong></span> <span class='ocrx_word' id='word_1_249' title='bbox 1331 2889 1546 2950; x_wconf 76' lang='lat' dir='ltr'><strong>exstitit,</strong></span> <span class='ocrx_word' id='word_1_250' title='bbox 1582 2889 1751 2950; x_wconf 71' lang='lat' dir='ltr'><strong>factus</strong></span> <span class='ocrx_word' id='word_1_251' title='bbox 1772 2895 1854 2938; x_wconf 74' lang='lat' dir='ltr'><strong>‘est</strong></span> <span class='ocrx_word' id='word_1_252' title='bbox 1890 2889 2009 2938; x_wconf 77' lang='lat' dir='ltr'><strong>talis</strong></span> <span class='ocrx_word' id='word_1_253' title='bbox 2043 2888 2208 2953; x_wconf 69' lang='lat' dir='ltr'><strong>qcmlis</strong></span> <span class='ocrx_word' id='word_1_254' title='bbox 2244 2903 2375 2936; x_wconf 78' lang='lat' dir='ltr'><strong>nunc</strong></span> <span class='ocrx_word' id='word_1_255' title='bbox 2408 2892 2507 2937; x_wconf 78' lang='lat' dir='ltr'><strong>est.</strong></span> <span class='ocrx_word' id='word_1_256' title='bbox 2556 2885 2639 2937; x_wconf 79' lang='lat' dir='ltr'><strong>Er</strong></span> 
     </span>
     <span class='ocr_line' id='line_1_26' title="bbox 359 2969 2636 3038; baseline -0 -14"><span class='ocrx_word' id='word_1_257' title='bbox 359 2974 428 3024; x_wconf 73' lang='lat' dir='ltr'><strong>ise</strong></span> <span class='ocrx_word' id='word_1_258' title='bbox 477 2973 856 3038; x_wconf 70' lang='lat' dir='ltr'><strong>aufyekomnen</strong></span> <span class='ocrx_word' id='word_1_259' title='bbox 905 2975 1065 3023; x_wconf 75' lang='lat' dir='ltr'><strong>wider</strong></span> <span class='ocrx_word' id='word_1_260' title='bbox 1113 2975 1224 3025; x_wconf 77' lang='lat' dir='ltr'><strong>sein</strong></span> <span class='ocrx_word' id='word_1_261' title='bbox 1277 2981 1551 3024; x_wconf 78' lang='lat' dir='ltr'><strong>enom-len.</strong></span> <span class='ocrx_word' id='word_1_262' title='bbox 1624 2971 1713 3024; x_wconf 83' lang='lat' dir='ltr'><strong>Cf.</strong></span> <span class='ocrx_word' id='word_1_263' title='bbox 1767 2972 1913 3022; x_wconf 78' lang='lat' dir='ltr'><strong>Plat.</strong></span> <span class='ocrx_word' id='word_1_264' title='bbox 1957 2973 2137 3038; x_wconf 74' lang='lat' dir='ltr'><strong>Legg.</strong></span> <span class='ocrx_word' id='word_1_265' title='bbox 2176 2973 2225 3021; x_wconf 85' lang='lat' dir='ltr'>X</span> <span class='ocrx_word' id='word_1_266' title='bbox 2270 2988 2322 3037; x_wconf 83' lang='lat' dir='ltr'><strong>p.</strong></span> <span class='ocrx_word' id='word_1_267' title='bbox 2359 2969 2463 3022; x_wconf 82' lang='lat'><strong>908</strong></span> <span class='ocrx_word' id='word_1_268' title='bbox 2500 2976 2636 3023; x_wconf 76' lang='lat' dir='ltr'><strong>extr.</strong></span> 
     </span>
     <span class='ocr_line' id='line_1_27' title="bbox 361 3045 2636 3123; baseline -0.001 -15"><span class='ocrx_word' id='word_1_269' title='bbox 361 3049 494 3115; x_wconf 74' lang='grc' dir='ltr'><strong><em>τούς</em></strong></span> <span class='ocrx_word' id='word_1_270' title='bbox 528 3049 634 3123; x_wconf 70' lang='grc' dir='ltr'><strong><em>μὲν</em></strong></span> <span class='ocrx_word' id='word_1_271' title='bbox 667 3045 774 3108; x_wconf 68' lang='grc' dir='ltr'><strong>ὑπ’</strong></span> <span class='ocrx_word' id='word_1_272' title='bbox 809 3047 1017 3116; x_wconf 82' lang='grc' dir='ltr'><strong><em>α’νοιάς</em></strong></span> <span class='ocrx_word' id='word_1_273' title='bbox 1195 3051 1625 3123; x_wconf 77' lang='grc' dir='ltr'><strong><em>γεγενημένους,</em></strong></span> <span class='ocrx_word' id='word_1_274' title='bbox 1664 3059 1794 3106; x_wconf 77' lang='lat' dir='ltr'><strong>mles</strong></span> <span class='ocrx_word' id='word_1_275' title='bbox 1824 3059 2010 3120; x_wconf 76' lang='lat' dir='ltr'><strong>saccos.</strong></span> <span class='ocrx_word' id='word_1_276' title='bbox 2046 3081 2117 3092; x_wconf 84' lang='lat'><strong>—--</strong></span> <span class='ocrx_word' id='word_1_277' title='bbox 2149 3056 2213 3105; x_wconf 88' lang='lat' dir='ltr'><strong>In</strong></span> <span class='ocrx_word' id='word_1_278' title='bbox 2247 3055 2356 3106; x_wconf 81' lang='lat' dir='ltr'><strong>fine</strong></span> <span class='ocrx_word' id='word_1_279' title='bbox 2393 3055 2551 3106; x_wconf 83' lang='lat' dir='ltr'><strong>huius</strong></span> <span class='ocrx_word' id='word_1_280' title='bbox 2587 3057 2636 3118; x_wconf 68' lang='lat'><strong>§-</strong></span> 
     </span>
     <span class='ocr_line' id='line_1_28' title="bbox 358 3139 2637 3207; baseline -0.001 -15"><span class='ocrx_word' id='word_1_281' title='bbox 358 3141 804 3193; x_wconf 83' lang='lat' dir='ltr'><strong>Wunderliehius</strong></span> <span class='ocrx_word' id='word_1_282' title='bbox 839 3142 1126 3206; x_wconf 83' lang='lat' dir='ltr'><strong>lineolam,</strong></span> <span class='ocrx_word' id='word_1_283' title='bbox 1163 3143 1380 3207; x_wconf 86' lang='lat' dir='ltr'><strong>signum</strong></span> <span class='ocrx_word' id='word_1_284' title='bbox 1418 3139 1759 3203; x_wconf 79' lang='lat' dir='ltr'><strong>anacoluthi,</strong></span> <span class='ocrx_word' id='word_1_285' title='bbox 1796 3140 2140 3205; x_wconf 77' lang='lat' dir='ltr'><strong>interposuit.</strong></span> <span class='ocrx_word' id='word_1_286' title='bbox 2214 3139 2343 3191; x_wconf 79' lang='lat' dir='ltr'><strong>‘Est</strong></span> <span class='ocrx_word' id='word_1_287' title='bbox 2376 3139 2637 3192; x_wconf 78' lang='lat' dir='ltr'><strong>anacolu-</strong></span> 
     </span>
     <span class='ocr_line' id='line_1_29' title="bbox 354 3217 2640 3293; baseline 0 -14"><span class='ocrx_word' id='word_1_288' title='bbox 354 3229 530 3280; x_wconf 71' lang='lat' dir='ltr'><strong>ihum.</strong></span> <span class='ocrx_word' id='word_1_289' title='bbox 601 3225 860 3293; x_wconf 77' lang='lat' dir='ltr'><strong>spodosis</strong></span> <span class='ocrx_word' id='word_1_290' title='bbox 919 3227 1118 3292; x_wconf 80' lang='lat' dir='ltr'><strong>incipit</strong></span> <span class='ocrx_word' id='word_1_291' title='bbox 1175 3241 1252 3277; x_wconf 83' lang='lat' dir='ltr'><strong>vs.</strong></span> <span class='ocrx_word' id='word_1_292' title='bbox 1291 3227 1356 3277; x_wconf 81' lang='grc'><strong>25</strong></span> <span class='ocrx_word' id='word_1_293' title='bbox 1415 3243 1448 3276; x_wconf 86' lang='lat' dir='ltr'><strong>s.</strong></span> <span class='ocrx_word' id='word_1_294' title='bbox 1507 3225 1693 3277; x_wconf 80' lang='lat' dir='ltr'><strong>verbis</strong></span> <span class='ocrx_word' id='word_1_295' title='bbox 1753 3217 1848 3276; x_wconf 86' lang='grc' dir='ltr'><strong>διὸ</strong></span> <span class='ocrx_word' id='word_1_296' title='bbox 1906 3219 2216 3276; x_wconf 80' lang='grc' dir='ltr'><strong><em>δέδοκται.’</em></strong></span> <span class='ocrx_word' id='word_1_297' title='bbox 2287 3226 2640 3280; x_wconf 79' lang='lat' dir='ltr'><strong>Reiskius.</strong></span> 
     </span>
     <span class='ocr_line' id='line_1_30' title="bbox 361 3307 2639 3377; baseline -0 -14"><span class='ocrx_word' id='word_1_298' title='bbox 361 3312 578 3364; x_wconf 80' lang='lat' dir='ltr'><strong>‘Simile</strong></span> <span class='ocrx_word' id='word_1_299' title='bbox 617 3311 1009 3362; x_wconf 73' lang='lat' dir='ltr'><strong>anacoluthum</strong></span> <span class='ocrx_word' id='word_1_300' title='bbox 1045 3328 1097 3377; x_wconf 89' lang='lat' dir='ltr'><strong>p.</strong></span> <span class='ocrx_word' id='word_1_301' title='bbox 1134 3310 1250 3374; x_wconf 80' lang='lat'><strong>269,</strong></span> <span class='ocrx_word' id='word_1_302' title='bbox 1293 3311 1372 3374; x_wconf 85' lang='lat'><strong>11,</strong></span> <span class='ocrx_word' id='word_1_303' title='bbox 1409 3311 1504 3362; x_wconf 88' lang='lat' dir='ltr'><strong>ubi</strong></span> <span class='ocrx_word' id='word_1_304' title='bbox 1537 3311 1650 3364; x_wconf 80' lang='lat' dir='ltr'><strong>vid.</strong></span> <span class='ocrx_word' id='word_1_305' title='bbox 1688 3307 1821 3361; x_wconf 88' lang='lat' dir='ltr'><strong>not.’</strong></span> <span class='ocrx_word' id='word_1_306' title='bbox 1884 3309 2143 3361; x_wconf 73' lang='lat' dir='ltr'><strong>Schaef</strong></span> <span class='ocrx_word' id='word_1_307' title='bbox 2151 3325 2321 3360; x_wconf 87' lang='lat' dir='ltr'><strong>erus.</strong></span> <span class='ocrx_word' id='word_1_308' title='bbox 2392 3311 2499 3360; x_wconf 84' lang='lat' dir='ltr'><strong>Vix</strong></span> <span class='ocrx_word' id='word_1_309' title='bbox 2533 3310 2639 3362; x_wconf 81' lang='lat' dir='ltr'><strong>boc</strong></span> 
     </span>
     <span class='ocr_line' id='line_1_31' title="bbox 359 3387 2635 3462; baseline -0.001 -14"><span class='ocrx_word' id='word_1_310' title='bbox 359 3397 473 3448; x_wconf 81' lang='lat' dir='ltr'><strong>diei</strong></span> <span class='ocrx_word' id='word_1_311' title='bbox 525 3401 710 3462; x_wconf 80' lang='lat' dir='ltr'><strong>potest</strong></span> <span class='ocrx_word' id='word_1_312' title='bbox 761 3387 1148 3448; x_wconf 74' lang='grc' dir='ltr'><strong><em>οἷναπόδοτον.</em></strong></span> <span class='ocrx_word' id='word_1_313' title='bbox 1217 3411 1346 3446; x_wconf 75' lang='lat' dir='ltr'><strong>nam</strong></span> <span class='ocrx_word' id='word_1_314' title='bbox 1401 3391 1494 3447; x_wconf 83' lang='grc' dir='ltr'><strong>διὸ</strong></span> <span class='ocrx_word' id='word_1_315' title='bbox 1546 3411 1715 3461; x_wconf 75' lang='lat' dir='ltr'><strong>saepe</strong></span> <span class='ocrx_word' id='word_1_316' title='bbox 1768 3395 2163 3461; x_wconf 76' lang='lat' dir='ltr'><strong>posterioribus</strong></span> <span class='ocrx_word' id='word_1_317' title='bbox 2217 3398 2304 3444; x_wconf 85' lang='lat' dir='ltr'><strong>est</strong></span> <span class='ocrx_word' id='word_1_318' title='bbox 2362 3395 2399 3444; x_wconf 87' lang='lat' dir='ltr'><strong>i.</strong></span> <span class='ocrx_word' id='word_1_319' title='bbox 2438 3409 2487 3458; x_wconf 93' lang='lat' dir='ltr'><strong>q.</strong></span> <span class='ocrx_word' id='word_1_320' title='bbox 2539 3387 2635 3445; x_wconf 70' lang='grc' dir='ltr'><strong>διὰ</strong></span> 
     </span>
     <span class='ocr_line' id='line_1_32' title="bbox 357 3474 2637 3547; baseline -0.001 -15"><span class='ocrx_word' id='word_1_321' title='bbox 357 3481 544 3535; x_wconf 78' lang='grc' dir='ltr'><strong><em>τοῦτο.</em></strong></span> <span class='ocrx_word' id='word_1_322' title='bbox 615 3481 927 3546; x_wconf 78' lang='lat' dir='ltr'><strong>Hesychius</strong></span> <span class='ocrx_word' id='word_1_323' title='bbox 973 3499 1014 3533; x_wconf 88' lang='lat' dir='ltr'><strong>s.</strong></span> <span class='ocrx_word' id='word_1_324' title='bbox 1053 3497 1107 3533; x_wconf 82' lang='lat' dir='ltr'><strong>v.</strong></span> <span class='ocrx_word' id='word_1_325' title='bbox 1152 3474 1280 3532; x_wconf 81' lang='grc' dir='ltr'><strong>Διό.</strong></span> <span class='ocrx_word' id='word_1_326' title='bbox 1349 3481 1615 3545; x_wconf 77' lang='lat' dir='ltr'><strong>Polybius</strong></span> <span class='ocrx_word' id='word_1_327' title='bbox 1659 3496 1828 3547; x_wconf 81' lang='lat' dir='ltr'><strong>saepe</strong></span> <span class='ocrx_word' id='word_1_328' title='bbox 1872 3479 1956 3529; x_wconf 84' lang='lat' dir='ltr'><strong>sic</strong></span> <span class='ocrx_word' id='word_1_329' title='bbox 2003 3495 2072 3529; x_wconf 78' lang='lat' dir='ltr'><strong>ea</strong></span> <span class='ocrx_word' id='word_1_330' title='bbox 2108 3479 2497 3530; x_wconf 81' lang='lat' dir='ltr'><strong>coniunctione</strong></span> <span class='ocrx_word' id='word_1_331' title='bbox 2532 3480 2637 3530; x_wconf 78' lang='lat' dir='ltr'><strong>uti-</strong></span> 
     </span>
     <span class='ocr_line' id='line_1_33' title="bbox 357 3561 2639 3634; baseline -0.001 -17"><span class='ocrx_word' id='word_1_332' title='bbox 357 3571 464 3622; x_wconf 83' lang='lat' dir='ltr'><strong>tur.</strong></span> <span class='ocrx_word' id='word_1_333' title='bbox 535 3561 658 3617; x_wconf 82' lang='lat' dir='ltr'><strong>Vid&#39;.</strong></span> <span class='ocrx_word' id='word_1_334' title='bbox 695 3566 1143 3634; x_wconf 78' lang='lat' dir='ltr'><strong>Schweighaeus.</strong></span> <span class='ocrx_word' id='word_1_335' title='bbox 1181 3568 1318 3617; x_wconf 87' lang='lat' dir='ltr'><strong>Lex.</strong></span> <span class='ocrx_word' id='word_1_336' title='bbox 1355 3567 1551 3631; x_wconf 81' lang='lat' dir='ltr'><strong>Polyb.</strong></span> <span class='ocrx_word' id='word_1_337' title='bbox 1599 3581 1643 3617; x_wconf 84' lang='lat' dir='ltr'><strong>s.</strong></span> <span class='ocrx_word' id='word_1_338' title='bbox 1680 3581 1731 3616; x_wconf 90' lang='lat' dir='ltr'><strong>v.</strong></span> <span class='ocrx_word' id='word_1_339' title='bbox 1802 3566 1877 3615; x_wconf 79' lang='lat' dir='ltr'><strong>Et</strong></span> <span class='ocrx_word' id='word_1_340' title='bbox 1913 3565 1973 3614; x_wconf 88' lang='lat' dir='ltr'><strong>in</strong></span> <span class='ocrx_word' id='word_1_341' title='bbox 2006 3564 2531 3628; x_wconf 54' lang='lat' dir='ltr'><strong>Decretis-Byzan&amp;</strong></span> <span class='ocrx_word' id='word_1_342' title='bbox 2572 3579 2639 3616; x_wconf 84' lang='lat' dir='ltr'><strong>ex</strong></span> 
     </span>
     <span class='ocr_line' id='line_1_34' title="bbox 359 3639 2639 3718; baseline -0.001 -15"><span class='ocrx_word' id='word_1_343' title='bbox 359 3657 546 3705; x_wconf 67' lang='lat' dir='ltr'><strong>aetate</strong></span> <span class='ocrx_word' id='word_1_344' title='bbox 589 3652 938 3718; x_wconf 61' lang='lat' dir='ltr'><strong>imperatoris</strong></span> <span class='ocrx_word' id='word_1_345' title='bbox 981 3652 1192 3703; x_wconf 82' lang='lat' dir='ltr'><strong>Tiberii</strong></span> <span class='ocrx_word' id='word_1_346' title='bbox 1227 3653 1402 3702; x_wconf 83' lang='lat' dir='ltr'><strong>Inser.</strong></span> <span class='ocrx_word' id='word_1_347' title='bbox 1443 3650 1604 3717; x_wconf 87' lang='lat' dir='ltr'><strong>Corp.</strong></span> <span class='ocrx_word' id='word_1_348' title='bbox 1642 3651 1744 3701; x_wconf 82' lang='lat' dir='ltr'><strong>No.</strong></span> <span class='ocrx_word' id='word_1_349' title='bbox 1780 3649 1940 3701; x_wconf 80' lang='lat'>2061:</span> <span class='ocrx_word' id='word_1_350' title='bbox 1988 3640 2191 3714; x_wconf 75' lang='grc' dir='ltr'><strong><em>ἐπειδὴ</em></strong></span> <span class='ocrx_word' id='word_1_351' title='bbox 2230 3685 2243 3698; x_wconf 95' lang='grc'><strong>.</strong></span> <span class='ocrx_word' id='word_1_352' title='bbox 2273 3685 2287 3698; x_wconf 93' lang='grc'><strong>.</strong></span> <span class='ocrx_word' id='word_1_353' title='bbox 2316 3686 2329 3699; x_wconf 90' lang='grc'><strong>.</strong></span> <span class='ocrx_word' id='word_1_354' title='bbox 2366 3639 2639 3716; x_wconf 80' lang='grc' dir='ltr'><strong><em>α’φηρπά-</em></strong></span> 
     </span>
     <span class='ocr_line' id='line_1_35' title="bbox 357 3725 2637 3803; baseline -0 -16"><span class='ocrx_word' id='word_1_355' title='bbox 357 3753 430 3803; x_wconf 73' lang='grc' dir='ltr'><strong>γη</strong></span> <span class='ocrx_word' id='word_1_356' title='bbox 468 3774 481 3787; x_wconf 94' lang='grc'><strong>.</strong></span> <span class='ocrx_word' id='word_1_357' title='bbox 509 3774 522 3787; x_wconf 96' lang='grc'><strong>.</strong></span> <span class='ocrx_word' id='word_1_358' title='bbox 550 3773 591 3798; x_wconf 86' lang='grc'><strong>.,</strong></span> <span class='ocrx_word' id='word_1_359' title='bbox 627 3726 718 3787; x_wconf 79' lang='grc' dir='ltr'><strong>δι’</strong></span> <span class='ocrx_word' id='word_1_360' title='bbox 751 3725 792 3786; x_wconf 72' lang='grc' dir='ltr'><em>ἃ</em></span> <span class='ocrx_word' id='word_1_361' title='bbox 829 3729 1046 3798; x_wconf 74' lang='grc' dir='ltr'><strong>ἔδοξεν.</strong></span> <span class='ocrx_word' id='word_1_362' title='bbox 1119 3736 1265 3786; x_wconf 85' lang='lat' dir='ltr'><strong>Hine</strong></span> <span class='ocrx_word' id='word_1_363' title='bbox 1301 3735 1583 3801; x_wconf 80' lang='lat' dir='ltr'><strong>supplevit</strong></span> <span class='ocrx_word' id='word_1_364' title='bbox 1617 3729 1931 3786; x_wconf 83' lang='lat' dir='ltr'><strong>Boeekhius</strong></span> <span class='ocrx_word' id='word_1_365' title='bbox 1966 3735 2067 3786; x_wconf 78' lang='lat' dir='ltr'><strong>No.</strong></span> <span class='ocrx_word' id='word_1_366' title='bbox 2102 3731 2253 3787; x_wconf 87' lang='grc'><strong>2062.</strong></span> <span class='ocrx_word' id='word_1_367' title='bbox 2324 3735 2511 3786; x_wconf 77' lang='lat' dir='ltr'><strong>Etiam</strong></span> <span class='ocrx_word' id='word_1_368' title='bbox 2548 3725 2637 3787; x_wconf 84' lang='grc' dir='ltr'><strong>δι’</strong></span> 
     </span>
     <span class='ocr_line' id='line_1_36' title="bbox 357 3805 1885 3888; baseline -0.003 -15"><span class='ocrx_word' id='word_1_369' title='bbox 357 3809 398 3874; x_wconf 68' lang='grc' dir='ltr'><em>ἃ</em></span> <span class='ocrx_word' id='word_1_370' title='bbox 433 3815 506 3888; x_wconf 84' lang='grc' dir='ltr'><strong>δὴ</strong></span> <span class='ocrx_word' id='word_1_371' title='bbox 543 3813 829 3887; x_wconf 71' lang='grc' dir='ltr'><strong><em>δεδόχθαι</em></strong></span> <span class='ocrx_word' id='word_1_372' title='bbox 863 3822 966 3872; x_wconf 78' lang='lat' dir='ltr'><strong>Ne.</strong></span> <span class='ocrx_word' id='word_1_373' title='bbox 1003 3819 1155 3871; x_wconf 80' lang='grc'><strong>2060.</strong></span> <span class='ocrx_word' id='word_1_374' title='bbox 1227 3821 1449 3870; x_wconf 78' lang='lat' dir='ltr'><strong>Pariter</strong></span> <span class='ocrx_word' id='word_1_375' title='bbox 1483 3824 1546 3868; x_wconf 88' lang='lat' dir='ltr'><strong>ut</strong></span> <span class='ocrx_word' id='word_1_376' title='bbox 1582 3819 1725 3869; x_wconf 77' lang='lat' dir='ltr'><strong>alias</strong></span> <span class='ocrx_word' id='word_1_377' title='bbox 1760 3805 1885 3870; x_wconf 73' lang='grc' dir='ltr'><strong>οὖν.</strong></span> 
     </span>
    </p>

    <p class='ocr_par' dir='ltr' id='par_1_8' title="bbox 277 3902 2640 4482">
     <span class='ocr_line' id='line_1_37' title="bbox 491 3902 2640 3970; baseline -0.001 -13"><span class='ocrx_word' id='word_1_378' title='bbox 491 3907 637 3964; x_wconf 76' lang='lat'><strong>183.</strong></span> <span class='ocrx_word' id='word_1_379' title='bbox 710 3906 760 3970; x_wconf 92' lang='lat' dir='ltr'><strong>l)</strong></span> <span class='ocrx_word' id='word_1_380' title='bbox 809 3902 908 3957; x_wconf 73' lang='grc' dir='ltr'><strong><em>καὶ</em></strong></span> <span class='ocrx_word' id='word_1_381' title='bbox 942 3905 1233 3956; x_wconf 86' lang='lat' dir='ltr'><strong>delendum</strong></span> <span class='ocrx_word' id='word_1_382' title='bbox 1271 3903 1487 3955; x_wconf 85' lang='lat' dir='ltr'><strong>censuit</strong></span> <span class='ocrx_word' id='word_1_383' title='bbox 1519 3903 1827 3955; x_wconf 72' lang='lat' dir='ltr'><strong>Dobraeus.</strong></span> <span class='ocrx_word' id='word_1_384' title='bbox 1899 3905 2189 3956; x_wconf 83' lang='lat' dir='ltr'><strong>Bekkerus</strong></span> <span class='ocrx_word' id='word_1_385' title='bbox 2236 3909 2294 3954; x_wconf 83' lang='lat' dir='ltr'><strong>et</strong></span> <span class='ocrx_word' id='word_1_386' title='bbox 2330 3905 2421 3970; x_wconf 86' lang='lat' dir='ltr'><strong>qui</strong></span> <span class='ocrx_word' id='word_1_387' title='bbox 2458 3905 2640 3956; x_wconf 74' lang='lat' dir='ltr'><strong>secuti</strong></span> 
     </span>
     <span class='ocr_line' id='line_1_38' title="bbox 361 3989 2637 4056; baseline -0.001 -14"><span class='ocrx_word' id='word_1_388' title='bbox 361 4007 576 4044; x_wconf 82' lang='lat' dir='ltr'><strong>eramus</strong></span> <span class='ocrx_word' id='word_1_389' title='bbox 631 3995 760 4042; x_wconf 76' lang='lat' dir='ltr'><strong>ante</strong></span> <span class='ocrx_word' id='word_1_390' title='bbox 803 3992 859 4042; x_wconf 88' lang='lat' dir='ltr'><strong>h.</strong></span> <span class='ocrx_word' id='word_1_391' title='bbox 893 4007 946 4042; x_wconf 77' lang='lat' dir='ltr'><strong>v.</strong></span> <span class='ocrx_word' id='word_1_392' title='bbox 993 3990 1158 4056; x_wconf 85' lang='lat' dir='ltr'><strong>plene</strong></span> <span class='ocrx_word' id='word_1_393' title='bbox 1205 3989 1753 4055; x_wconf 77' lang='lat' dir='ltr'><strong>interpungebsmus.</strong></span> <span class='ocrx_word' id='word_1_394' title='bbox 1820 3989 1956 4040; x_wconf 85' lang='lat' dir='ltr'><strong>Post</strong></span> <span class='ocrx_word' id='word_1_395' title='bbox 2008 4003 2235 4040; x_wconf 75' lang='lat' dir='ltr'><strong>causam</strong></span> <span class='ocrx_word' id='word_1_396' title='bbox 2278 3991 2326 4051; x_wconf 64' lang='grc'><strong>6.</strong></span> <span class='ocrx_word' id='word_1_397' title='bbox 2376 3990 2472 4040; x_wconf 85' lang='grc'><strong>182</strong></span> <span class='ocrx_word' id='word_1_398' title='bbox 2518 3989 2637 4040; x_wconf 83' lang='lat' dir='ltr'><strong>red-</strong></span> 
     </span>
     <span class='ocr_line' id='line_1_39' title="bbox 359 4065 2639 4142; baseline -0.003 -15"><span class='ocrx_word' id='word_1_399' title='bbox 359 4075 556 4138; x_wconf 77' lang='lat' dir='ltr'><strong>ditam,</strong></span> <span class='ocrx_word' id='word_1_400' title='bbox 607 4091 708 4142; x_wconf 87' lang='lat' dir='ltr'><strong>per</strong></span> <span class='ocrx_word' id='word_1_401' title='bbox 751 4072 848 4127; x_wconf 81' lang='grc' dir='ltr'><strong>καὶ</strong></span> <span class='ocrx_word' id='word_1_402' title='bbox 897 4077 1248 4126; x_wconf 77' lang='lat' dir='ltr'><strong>continuatur</strong></span> <span class='ocrx_word' id='word_1_403' title='bbox 1291 4077 1437 4125; x_wconf 82' lang='lat' dir='ltr'><strong>ratio</strong></span> <span class='ocrx_word' id='word_1_404' title='bbox 1485 4073 1709 4124; x_wconf 83' lang='lat' dir='ltr'><strong>consilii</strong></span> <span class='ocrx_word' id='word_1_405' title='bbox 1751 4089 1849 4140; x_wconf 89' lang='lat' dir='ltr'><strong>per</strong></span> <span class='ocrx_word' id='word_1_406' title='bbox 1888 4065 2086 4139; x_wconf 79' lang='grc' dir='ltr'><strong><em>ἐπειδὴ</em></strong></span> <span class='ocrx_word' id='word_1_407' title='bbox 2124 4074 2371 4140; x_wconf 71' lang='lat' dir='ltr'><strong>incepta.</strong></span> <span class='ocrx_word' id='word_1_408' title='bbox 2438 4073 2639 4124; x_wconf 85' lang='lat' dir='ltr'><strong>Melius</strong></span> 
     </span>
     <span class='ocr_line' id='line_1_40' title="bbox 359 4149 2637 4227; baseline -0.001 -17"><span class='ocrx_word' id='word_1_409' title='bbox 359 4161 528 4226; x_wconf 84' lang='lat' dir='ltr'><strong>igitur</strong></span> <span class='ocrx_word' id='word_1_410' title='bbox 559 4163 608 4223; x_wconf 64' lang='lat'><strong>§-</strong></span> <span class='ocrx_word' id='word_1_411' title='bbox 651 4157 748 4211; x_wconf 88' lang='grc'><strong>182</strong></span> <span class='ocrx_word' id='word_1_412' title='bbox 783 4176 880 4227; x_wconf 89' lang='lat' dir='ltr'><strong>pro</strong></span> <span class='ocrx_word' id='word_1_413' title='bbox 917 4160 1235 4226; x_wconf 77' lang='lat' dir='ltr'><strong>parenthesi</strong></span> <span class='ocrx_word' id='word_1_414' title='bbox 1269 4159 1524 4210; x_wconf 79' lang='lat' dir='ltr'><strong>habetur.</strong></span> <span class='ocrx_word' id='word_1_415' title='bbox 1697 4157 1757 4224; x_wconf 82' lang='lat'><strong>2)</strong></span> <span class='ocrx_word' id='word_1_416' title='bbox 1814 4153 1915 4208; x_wconf 75' lang='grc' dir='ltr'><strong><em>καὶ</em></strong></span> <span class='ocrx_word' id='word_1_417' title='bbox 1950 4149 2057 4209; x_wconf 72' lang='grc' dir='ltr'><strong>οὐκ</strong></span> <span class='ocrx_word' id='word_1_418' title='bbox 2093 4153 2249 4216; x_wconf 79' lang='grc' dir='ltr'><strong><em>ἰδίας</em></strong></span> <span class='ocrx_word' id='word_1_419' title='bbox 2294 4158 2525 4224; x_wconf 82' lang='lat' dir='ltr'><strong>Serimg.</strong></span> <span class='ocrx_word' id='word_1_420' title='bbox 2574 4185 2637 4193; x_wconf 89' lang='lat'>—</span> 
     </span>
     <span class='ocr_line' id='line_1_41' title="bbox 277 4241 2637 4312; baseline -0.001 -18"><span class='ocrx_word' id='word_1_421' title='bbox 277 4255 287 4262; x_wconf 89' lang='lat'><strong>·</strong></span> <span class='ocrx_word' id='word_1_422' title='bbox 361 4244 534 4307; x_wconf 83' lang='lat' dir='ltr'><strong>‘Quid</strong></span> <span class='ocrx_word' id='word_1_423' title='bbox 567 4245 676 4295; x_wconf 83' lang='lat' dir='ltr'><strong>sibi</strong></span> <span class='ocrx_word' id='word_1_424' title='bbox 710 4245 887 4296; x_wconf 81' lang='lat' dir='ltr'><strong>velint</strong></span> <span class='ocrx_word' id='word_1_425' title='bbox 923 4244 1124 4309; x_wconf 79' lang='lat' dir='ltr'><strong>oppida.</strong></span> <span class='ocrx_word' id='word_1_426' title='bbox 1152 4249 1389 4312; x_wconf 75' lang='lat' dir='ltr'><strong>propria,</strong></span> <span class='ocrx_word' id='word_1_427' title='bbox 1427 4259 1537 4296; x_wconf 88' lang='lat' dir='ltr'><strong>non</strong></span> <span class='ocrx_word' id='word_1_428' title='bbox 1564 4243 1835 4310; x_wconf 76' lang='lat' dir='ltr'><strong>intelligo.</strong></span> <span class='ocrx_word' id='word_1_429' title='bbox 1883 4243 1993 4293; x_wconf 84' lang='lat' dir='ltr'><strong>Cur</strong></span> <span class='ocrx_word' id='word_1_430' title='bbox 2020 4242 2163 4292; x_wconf 88' lang='lat' dir='ltr'><strong>enim</strong></span> <span class='ocrx_word' id='word_1_431' title='bbox 2187 4246 2409 4308; x_wconf 73' lang='lat' dir='ltr'><strong>raperet</strong></span> <span class='ocrx_word' id='word_1_432' title='bbox 2430 4241 2637 4308; x_wconf 83' lang='lat' dir='ltr'><strong>Philip·</strong></span> 
     </span>
     <span class='ocr_line' id='line_1_42' title="bbox 357 4315 2634 4396; baseline -0 -19"><span class='ocrx_word' id='word_1_433' title='bbox 357 4342 462 4395; x_wconf 82' lang='lat' dir='ltr'><strong>pus</strong></span> <span class='ocrx_word' id='word_1_434' title='bbox 496 4329 613 4394; x_wconf 84' lang='lat' dir='ltr'><strong>ipse</strong></span> <span class='ocrx_word' id='word_1_435' title='bbox 651 4331 790 4380; x_wconf 80' lang='lat' dir='ltr'><strong>sus?</strong></span> <span class='ocrx_word' id='word_1_436' title='bbox 827 4327 1152 4392; x_wconf 73' lang='lat' dir='ltr'><strong>Suspicatus</strong></span> <span class='ocrx_word' id='word_1_437' title='bbox 1179 4329 1475 4396; x_wconf 79' lang='lat' dir='ltr'><strong>aliquando</strong></span> <span class='ocrx_word' id='word_1_438' title='bbox 1512 4330 1597 4379; x_wconf 84' lang='lat' dir='ltr'><strong>fui</strong></span> <span class='ocrx_word' id='word_1_439' title='bbox 1630 4329 1922 4395; x_wconf 80' lang='lat' dir='ltr'><strong>legendum</strong></span> <span class='ocrx_word' id='word_1_440' title='bbox 1949 4341 2071 4376; x_wconf 81' lang='lat' dir='ltr'><strong>esse</strong></span> <span class='ocrx_word' id='word_1_441' title='bbox 2095 4323 2196 4377; x_wconf 82' lang='grc' dir='ltr'><strong>καὶ</strong></span> <span class='ocrx_word' id='word_1_442' title='bbox 2221 4315 2291 4377; x_wconf 73' lang='grc' dir='ltr'><strong>οὐ</strong></span> <span class='ocrx_word' id='word_1_443' title='bbox 2316 4325 2515 4390; x_wconf 81' lang='grc' dir='ltr'><strong><em>φιλίας</em></strong></span> <span class='ocrx_word' id='word_1_444' title='bbox 2540 4363 2553 4378; x_wconf 92' lang='grc'><strong>.</strong></span> <span class='ocrx_word' id='word_1_445' title='bbox 2578 4365 2589 4378; x_wconf 92' lang='grc'><strong>.</strong></span> <span class='ocrx_word' id='word_1_446' title='bbox 2621 4363 2634 4376; x_wconf 95' lang='grc'><strong>.</strong></span> 
     </span>
     <span class='ocr_line' id='line_1_43' title="bbox 363 4403 2637 4482; baseline -0.002 -13"><span class='ocrx_word' id='word_1_447' title='bbox 363 4415 459 4462; x_wconf 66' lang='lat' dir='ltr'><strong>tut</strong></span> <span class='ocrx_word' id='word_1_448' title='bbox 492 4409 588 4463; x_wconf 73' lang='grc' dir='ltr'><strong>καὶ</strong></span> <span class='ocrx_word' id='word_1_449' title='bbox 634 4403 740 4464; x_wconf 68' lang='grc' dir='ltr'><strong>οὐκ</strong></span> <span class='ocrx_word' id='word_1_450' title='bbox 786 4408 948 4469; x_wconf 72' lang='grc' dir='ltr'><strong><em>ἰδίας</em></strong></span> <span class='ocrx_word' id='word_1_451' title='bbox 984 4427 1139 4477; x_wconf 76' lang='lat' dir='ltr'><strong>neque</strong></span> <span class='ocrx_word' id='word_1_452' title='bbox 1181 4418 1402 4482; x_wconf 80' lang='lat' dir='ltr'><strong>propria</strong></span> <span class='ocrx_word' id='word_1_453' title='bbox 1450 4410 1865 4464; x_wconf 54' lang='lat' dir='ltr'><strong>Atheniensium?</strong></span> <span class='ocrx_word' id='word_1_454' title='bbox 1926 4411 2283 4474; x_wconf 81' lang='lat' dir='ltr'><strong>Reiskius,</strong></span> <span class='ocrx_word' id='word_1_455' title='bbox 2332 4410 2497 4462; x_wconf 81' lang='lat' dir='ltr'><strong>aliter</strong></span> <span class='ocrx_word' id='word_1_456' title='bbox 2544 4429 2637 4464; x_wconf 80' lang='lat' dir='ltr'><strong>ex-</strong></span> 
     </span>
    </p>
   </div>
   <div class='ocr_carea' id='block_1_8' title="bbox 2673 1376 2725 1414">
    <p class='ocr_par' dir='ltr' id='par_1_9' title="bbox 2673 1376 2725 1414">
     <span class='ocr_line' id='line_1_44' title="bbox 2673 1376 2725 1414; baseline 0 0"><span class='ocrx_word' id='word_1_457' title='bbox 2673 1376 2725 1414; x_wconf 79' lang='lat'><strong>‘20</strong></span> 
     </span>
    </p>
   </div>
  </div>
 </body>
</html>
