3084 4938
2023 334 2054 365 Q

602 402 721 465 114
1168 411 1614 455 nnuosrnems
1645 410 1881 453 ‹nuru›
1915 410 1998 450 nn
2031 406 2298 451 cononis.

540 594 565 631 5
598 566 987 704 uig²a231029
1056 564 1393 655 συλλαβὰς
1428 560 1656 701 &gat-sp*
1730 559 1958 634 οὑτοσὶ
2029 566 2396 653 Κτησιφῶν
2453 566 2583 631 νῦν
2639 566 2902 650 γέγρα-

600 666 763 761 φεεν2
811 674 920 741 καὶ
968 661 1503 759 ἀναρρηθέντο93
1555 670 1628 736 ἐν
1673 694 1766 734 τω
1815 662 2082 757 θεάτρῳ
2131 668 2254 737 τοῦ
2299 662 2670 753 στεφάνου,
2732 662 2900 733 καὶ*

604 775 919 863 δευτέρου
954 770 1370 863 κηρύγματος
1406 766 1535 859 ἤδη
1571 797 1680 857 μοι
1717 765 1956 837 τούτου
1989 762 2452 856 γιγνομένου,5
2487 760 2623 835 οὔτ’
2661 760 2898 835 ἀντεῖ-

602 978 799 1052 siphon
843 978 927 1033 hic
970 992 1116 1031 nunc
1163 975 1400 1047 scripsit,
1445 982 1499 1027 et
1530 973 1937 1027 renuntiaretur
1978 973 2030 1025 in
2075 972 2291 1027 theatro
2342 987 2569 1032 corona,
2611 978 2668 1025 et
2709 988 2896 1045 quum

602 1064 705 1119 hoc
734 1064 835 1118 iam
870 1059 1159 1115 secundum
1192 1058 1541 1131 praeconium
1570 1056 1698 1110 mihi
1729 1054 2427 1128 fieretmequesdvcrsalus
2453 1062 2536 1109 est
2560 1054 2896 1115 Aeschines,

732 1310 835 1365 83.
874 1306 925 1372 l)
961 1296 1145 1370 ὥσπερ
1182 1307 1365 1357 Herw.
1402 1304 1690 1355 Schaefer.
1727 1302 1870 1369 prQ,
1911 1306 2066 1355 cuius
2103 1320 2142 1353 α
2177 1308 2262 1355 est
2290 1306 2636 1355 correctoris.
2659 1330 2730 1341 ——-
2757 1304 2896 1365 (Pro

596 1394 969 1462 praecedente
1016 1382 1197 1450 αὐτὰς
1230 1393 1379 1456 Ang:
1417 1378 1649 1451 αὖτῶν).
1777 1388 1830 1451 2)
1879 1384 2131 1453 γέγραφε
2168 1387 2276 1439 νῦν
2309 1389 2483 1455 Augl.
2514 1390 2565 1438 k.
2597 1404 2645 1439 s.
2684 1388 2894 1441 vindi.

598 1479 767 1531 Barb.
804 1478 961 1529 Pale.
1076 1475 1129 1539 3)
1168 1466 1640 1541 α’ναρὖσθέντος
1674 1472 1829 1523 Pall.
1935 1475 1988 1536 4)
2025 1470 2126 1523 καὶ
2161 1490 2246 1523 om
2283 1472 2451 1523 Barb.
2553 1472 2605 1536 5)
2645 1468 2896 1537 γενομέ·

598 1578 704 1614 νου
750 1561 919 1629 Aug-l.
965 1562 1015 1611 lc.
1064 1578 1107 1612 s.
1146 1560 1341 1613 Vindl.
1378 1558 1531 1610 Pam.
1569 1558 1772 1621 (Schol.
1810 1552 2210 1622 γνωσθέντος).
2247 1586 2312 1593 -
2347 1551 2694 1624 γιγνομένου
2727 1558 2893 1623 vulg.

600 1650 769 1699 etiam
795 1648 853 1699 Σ
885 1646 1013 1710 (non
1051 1640 1393 1712 γινομένου).
1430 1642 1640 1693 LaurS.
1711 1642 1982 1693 Iudicium
2019 1643 2275 1693 lectionis
2311 1642 2514 1707 pendet
2539 1658 2572 1691 a
2597 1644 2896 1693 sententia

598 1732 933 1801 pronominis
959 1724 1181 1793 τούτου,
1208 1734 1386 1780 utrum
1406 1728 1686 1777 decretum
1705 1728 2360 1794 intelligaturAristonici
2387 1744 2458 1778 an
2483 1726 2894 1793 Ctesiphontis.

597 1820 846 1886 Augetur
891 1816 1223 1878 difficultas,
1274 1813 1415 1879 quod
1450 1812 1852 1863 Demosthenes
1897 1814 1954 1861 in
1987 1812 2094 1863 hac
2133 1813 2325 1863 eadem
2364 1812 2612 1863 oratione
2649 1812 2722 1876 (ὅ.
2759 1812 2894 1875 223)

595 1904 719 1969 ipse
756 1903 865 1954 sibi
902 1901 1187 1951 adversari
1219 1898 1454 1958 videtur,
1493 1912 1564 1946 ne
1589 1898 1770 1947 dicam
1796 1898 1864 1947 de
1890 1898 2222 1947 auctoritate
2246 1897 2714 1961 documentorum,
2749 1910 2892 1961 quo·

600 2002 716 2043 rum
764 2000 937 2036 causa
971 1984 1310 2047 Droysenius
1352 1981 1389 2030 l.
1438 1997 1487 2031 c.
1534 1997 1586 2045 p.
1635 1980 1734 2030 705
1779 1987 1972 2032 eontra
2005 1983 2320 2033 Disaenium
2365 1974 2682 2047 γενομένου
2717 1978 2892 2045 (quod

600 2075 657 2121 et
690 2086 791 2119 nos
828 2070 957 2118 olim
994 2068 1325 2131 recepimus,
1364 2070 1419 2115 et
1454 2079 1630 2130 nuper
1663 2066 1995 2116 Benselerus
2031 2067 2296 2133 praefert)
2332 2068 2660 2133 preliantem
2695 2066 2890 2131 dispu-

598 2160 725 2204 tans
748 2146 1091 2218 γιγνομένου
1115 2149 1385 2207 defendit,
1422 2164 1531 2199 non
1557 2150 1695 2199 satis
1721 2149 2040 2215 explicavit.
2111 2151 2384 2215 Taylorus
2412 2148 2888 2219 ‘caespitantem’

596 2236 951 2287 Plutarchum
988 2237 1324 2301 vituperans,
1364 2238 1554 2285 tamen
1589 2250 1827 2299 sequens
1851 2234 1995 2287 hunc
2020 2237 2231 2299 ducem,
2269 2237 2330 2285 in
2359 2236 2508 2287 bivio
2533 2238 2742 2299 stabat,
2765 2241 2886 2285 tum

596 2324 657 2373 in
690 2322 1043 2389 praefatione
1078 2336 1130 2385 p.
1172 2320 1233 2369 15
1270 2318 1354 2369 ed.
1390 2317 1547 2370 Harl.
1585 2320 1884 2371 Aristonici
1919 2320 2201 2371 decretum
2235 2320 2605 2387 intellig-ebat.
2679 2321 2887 2371 ‘Dubi-

596 2411 722 2458 tant
772 2412 953 2457 utrum
1006 2405 1075 2456 ad
1126 2403 1427 2455 Aristonici
1481 2420 1554 2454 an
1609 2404 1983 2472 Ctesiphontis
2034 2405 2355 2473 psephisma
2405 2406 2756 2456 referendum
2811 2406 2892 2455 sit

597 2484 821 2544 τούτου.
902 2492 1021 2542 sine
1062 2506 1265 2542 -causa,
1346 2505 1435 2540 res
1490 2492 1635 2541 enim
1687 2491 1810 2557 ipsa
1858 2491 2086 2543 subiicit
2129 2492 2200 2544 ad
2245 2491 2614 2548 Aristonicum
2657 2487 2888 2542 redire.’

598 2575 947 2637 Reiskius‚
998 2575 1093 2640 qui
1140 2576 1281 2626 idem
1329 2576 1387 2624 in
1424 2577 1782 2626 annotatione
1821 2575 2086 2627 affirmat:
2139 2577 2356 2641 ‘procul
2393 2576 2557 2627 dubio
2594 2576 2664 2626 ad
2701 2575 2887 2626 Ctesi-

594 2661 893 2727 phonteum
939 2659 1323 2710 referendum!
1395 2660 1460 2710 Id
1509 2661 1650 2724 quod
1695 2661 1776 2709 ita
1812 2659 2086 2723 probabat
2121 2661 2480 2723 Schaeferus‚
2528 2666 2590 2711 ut
2625 2660 2886 2712 adderet:

598 2746 740 2796 ‘Sed
786 2761 895 2796 non
938 2744 1131 2794 mirum
1180 2745 1483 2809 fuisse-qui
1516 2741 1726 2794 τούτου
1761 2759 1922 2795 secus
1957 2745 2357 2812 intelligerent.
2429 2745 2662 2796 Scilicet
2697 2751 2888 2796 orator

598 2830 771 2884 solam
812 2835 1034 2880 sectans
1069 2829 1279 2894 periodi
1318 2830 1744 2880 concinnitatem
1780 2845 2078 2895 parumque
2115 2846 2316 2882 curans
2351 2831 2592 2896 logicam
2617 2829 2886 2881 membro·

599 2931 715 2966 rum
756 2915 1029 2966 rationem
1066 2916 1307 2965 caeteris
1343 2915 1602 2965 membris
1637 2915 1948 2978 syntectice
1985 2917 2164 2965 iunxit
2199 2916 2342 2981 quod
2377 2916 2601 2966 variata
2638 2921 2886 2966 constru-

602 3002 785 3051 ctione
830 2999 1189 3050 dirimendum
1236 3003 1400 3049 esset.
1482 2999 1690 3060 Quodsi
1733 2999 2134 3051 Demosthenes
2181 3000 2466 3065 aliquanto
2513 2991 2888 3064 λογικώτερον

598 3086 918 3151 scripsisset
950 3097 1091 3133 muts
1130 3076 1401 3147 δεύτερον
1435 3075 1702 3149 κήρυγμά
1737 3100 1834 3148 μοι
1870 3083 2037 3135 τοῦτο
2073 3085 2404 3150 γίγνεσθαι,
2443 3100 2602 3135 nemo
2643 3089 2766 3134 erat
2798 3083 2884 3134 fu-

598 3175 752 3220 turus
789 3169 881 3234 qui
917 3166 1084 3219 τοῦτο
1120 3183 1407 3234 perperam
1444 3169 1942 3234 interpretaretur)
2013 3171 2342 3221 Rectissime
2379 3175 2566 3219 autem
2593 3169 2882 3219 Rauchen-

598 3254 833 3306 steinins
878 3252 950 3302 ad
996 3251 1049 3301 h.
1094 3252 1131 3301 1.
1178 3269 1231 3318 p.
1280 3251 1341 3302 17
1378 3268 1457 3318 sq.
1506 3259 1702 3304 contra
1748 3269 1870 3304 enm
1915 3256 2088 3308 stetit.
2159 3255 2296 3306 Nam
2333 3253 2561 3318 'laylori
2603 3255 2884 3304 sententia

598 3342 649 3402 §-
686 3337 789 3390 223
832 3338 1130 3398 refutatur,
1176 3337 1319 3387 unde
1368 3343 1602 3402 apparet
1633 3339 1932 3389 Aristonici
1979 3339 2259 3390 decretum
2306 3339 2374 3388 de
2421 3338 2736 3390 coronando
2772 3339 2880 3388 De-

598 3424 886 3476 mosthene
923 3437 1031 3472 non
1066 3421 1364 3473 secundum
1402 3423 1598 3486 fuisse,
1639 3425 1734 3474 sed
1769 3425 2018 3490 primurn.-
2089 3425 2308 3474 Reiskii
2345 3429 2530 3474 autem
2567 3423 2882 3474 Schaeferi-

597 3526 707 3576 que
753 3506 956 3561 rationi
998 3507 1103 3558 hoc
1140 3511 1437 3572 repugnat,
1484 3508 1628 3572 quod
1663 3509 1962 3558 secundum
1999 3502 2288 3575 κήρυγμα,
2337 3514 2399 3558 ut
2437 3525 2504 3560 ex
2543 3510 2736 3560 eodem
2771 3509 2880 3558 De-

598 3594 905 3646 mosthenis
944 3591 1067 3642 loco
1106 3591 1172 3654 (ὅ.
1209 3591 1330 3653 223)
1370 3598 1624 3656 apparet,
1672 3609 1782 3643 non
1817 3594 1927 3642 fuit
1961 3593 2364 3658 Ctesiphontis,
2411 3593 2510 3643 sed
2543 3591 2880 3644 Demomelis

601 3684 659 3728 et
691 3678 1005 3742 Hyperidis.
1078 3677 1293 3726 Deinde
1323 3675 1700 3742 Ctesiphontis
1735 3679 2016 3728 decretum
2049 3694 2158 3728 non
2193 3682 2414 3744 poterat
2449 3677 2564 3727 dici
2597 3670 2876 3744 κήρυγμα,

597 3776 707 3826 quo
752 3767 997 3827 tempore
1032 3761 1431 3813 Demosthenes
1478 3761 1533 3810 id
1577 3763 1753 3826 ipsum
1795 3763 1901 3813 hac
1938 3763 2184 3813 oratione
2222 3762 2580 3814 defendebat.
2653 3763 2881 3814 Accedit

600 3848 652 3896 si
687 3844 854 3898 τοῦτο
892 3839 953 3896 τὸ
990 3840 1255 3912 κήρυγμα
1292 3845 1672 3910 Ctesiphontis
1708 3855 1881 3910 esset,
1920 3847 2260 3912 ineptissime
2301 3846 2701 3898 Demosthenes
2735 3847 2878 3896 dice-

600 3937 712 3982 ret:
761 3921 890 3982 052⁸
928 3920 1199 3980 οἷντείπεν
1236 3923 1509 3995 Αἰσχίνης
1555 3923 1754 3996 παρών
1797 3920 1930 3982 οὔτε
1975 3925 2076 3982 τὸν
2121 3921 2343 3982 εἰπόντ’
2381 3923 2704 3996 ἐγράψατο,
2753 3947 2877 3996 quo-

600 4018 750 4067 niam
794 4020 1018 4083 propter
1052 4013 1341 4064 Aeschinis
1386 4015 1836 4067 intercessionem
1881 4019 2024 4068 haec
2071 4033 2240 4068 causa
2287 4022 2416 4066 acta
2453 4023 2556 4066 est.
2631 4018 2876 4082 Denique

602 4104 651 4154 si
692 4092 898 4153 τούτου
944 4099 1291 4150 referendum
1338 4106 1485 4150 esset
1522 4100 1592 4149 ad
1631 4101 2081 4166 Ctesiphonteam
2118 4102 2553 4163 coronationem,
2605 4117 2714 4152 non
2751 4093 2873 4167 ἤδη,

602 4188 699 4239 sed
736 4185 843 4238 νῦν
882 4184 1220 4236 conveniret.
1292 4185 1476 4246 Quare
1514 4200 1675 4249 quum
1711 4191 1909 4236 neutra
1945 4189 2089 4237 ratio
2113 4187 2289 4253 possit
2312 4186 2553 4252 probari,
2593 4186 2876 4236 Rauchen-

600 4273 833 4324 steinins
872 4273 941 4323 ad
976 4289 1177 4323 novam
1210 4272 1500 4322 verborum
1537 4270 2051 4334 interpretationem
2079 4271 2333 4336 confugit
2355 4286 2656 4336 pronomen
2681 4263 2876 4322 τούτου

512 4387 521 4396 ·
601 4358 671 4406 ad
706 4358 1004 4409 Aristonici
1042 4359 1259 4424 quidem
1294 4351 1559 4425 κήρυγμα
1593 4355 1856 4417 refersne,
1897 4356 1996 4406 sed
2031 4359 2334 4422 genitivum
2369 4355 2612 4421 pendere
2649 4369 2876 4406 censens

602 4456 636 4490 a
689 4443 1068 4508 comparativo
1123 4438 1411 4507 δευτέρου.
1486 4443 1664 4504 Quam
1719 4441 1986 4492 rationem
2042 4457 2146 4507 ego
2199 4441 2326 4492 olim
2383 4441 2674 4505 sequebar.
2743 4440 2874 4489 Nam
