3084 4938
431 499 478 540 10

427 906 476 946 15

511 301 636 366 596
979 316 1425 360 nnuos'msms
1457 317 1557 360 OB.
1587 319 1671 359 ns
1700 315 1897 360 mnsA
1927 315 2305 359 num-noun.

512 468 809 562 φθόνος,
846 467 1055 564 ὀργή,
1093 477 1498 564 χαρίσασθαι
1531 463 1664 564 τῷῖ
1702 473 2046 560 δεηθέντι,
2083 467 2253 541 ἄλλα
2286 477 2507 561 μυρία.
2570 464 2678 540 ἂν
2720 463 2835 539 6’3

510 569 771 644 ἅπαντά
806 602 903 654 τις
941 571 1203 665 ἐκφύγῃ
1239 564 1475 643 τᾶλλα·
1529 571 1684 654 τούς
1718 569 1785 662 γ’
1823 569 2073 644 οὐδένα
2107 575 2559 662 βουλομένους
2608 565 2835 643 εἶναι4

508 679 811 746 τοιοῦτον
857 671 940 746 οὐ
991 674 1442 765 διαφεύξεται·
1497 669 1540 763 ἡ
1591 670 1657 743 δ’
1710 669 1860 764 ἐφ’5
1898 673 2179 745 ἑκάστου
2214 673 2471 746 τούτων
2504 669 2839 764 ἁμαρτία

509 774 675 849 κατὰ
717 774 956 867 μικρὸν
999 769 1486 866 ὑπορρέουσα,6
1533 771 1819 867 ἆθρόοςῗ
1852 779 1937 866 τῇ
1970 775 2157 847 πόλει
2194 773 2410 864 βλάβη
2445 773 2837 864 firmem?

663 887 806 950 229.
852 867 984 950 Ὧν
1029 881 1274 968 μηδέν,
1324 867 1381 948 ὦ
1423 874 1666 969 ἄνδρες
1713 873 2088 966 Ἀθηναῖοι,
2161 876 2422 967 πάθητε
2477 875 2833 968 τήμερον,

508 978 671 1072 μηδ’
709 975 944 1069 οἷνῆτει
983 983 1259 1069 τοῦτον,
1295 975 1368 1062 ὃς
1401 974 1576 1069 ὑμᾶς
1611 975 1958 1068 τηλικαῦτ’
1996 975 2337 1069 ἠδίκηκεν.
2389 982 2503 1050 καὶ
2536 977 2687 1070 γὰρ
2734 975 2835 1059 ὥς

510 1149 849 1226 supplicibus
891 1149 1215 1223 gratificari,
1260 1149 1362 1206 alia
1408 1149 1633 1207 infinita.
1696 1149 1790 1205 sed
1835 1157 1897 1204 ut
1936 1157 2116 1206 cetera
2156 1150 2385 1222 effugias
2427 1150 2645 1210 omnia.
2702 1165 2829 1204 non

511 1244 688 1291 tamen
730 1251 825 1291 cos
872 1235 1126 1307 effugies,
1170 1236 1264 1307 qui
1307 1237 1576 1290 neminem
1624 1235 1785 1290 talem
1830 1233 2090 1306 (iudicem
2120 1231 2387 1309 aequum)
2436 1250 2558 1290 esse
2607 1233 2828 1289 velint.

506 1322 576 1375 At
607 1321 660 1374 in
691 1321 942 1392 utrisque
973 1321 1056 1376 his
1087 1319 1312 1382 delicta.
1345 1320 1605 1394 paulatim
1634 1335 1959 1395 progressa,
2013 1321 2263 1376 universe
2292 1318 2489 1376 cedunt
2520 1321 2575 1374 in
2610 1318 2830 1393 reipu-

507 1403 678 1461 blicae
710 1404 1113 1461 detrimentum.

675 1492 794 1544 229.
839 1488 1007 1557 Quale
1048 1489 1178 1545 nihil
1221 1489 1382 1546 hodie
1425 1489 1579 1546 vobis
1624 1489 2069 1547 committendum
2112 1497 2225 1556 est,
2268 1489 2668 1550 Athenienses,
2708 1503 2825 1543 nec

491 1567 856 1631 dimittendus
888 1575 960 1638 is,
1005 1576 1100 1649 qui
1131 1576 1295 1632 tantis
1325 1593 1423 1631 vos
1454 1574 1630 1632 affecit
1660 1577 1889 1631 iniuriis.
1953 1589 2156 1649 quaeso
2201 1575 2371 1637 enim,
2413 1575 2509 1649 qui
2537 1573 2604 1632 de
2636 1572 2821 1630 vobis

643 1758 696 1822 2)
754 1774 832 1823 τῳ
882 1756 1156 1808 Reiskius.
1229 1759 1316 1808 De
1371 1757 1603 1807 articulo
1656 1745 2015 1820 οἷοριστωδῶς
2069 1756 2317 1807 adhibito
2368 1755 2481 1806 vid.
2516 1755 2820 1821 Krueger.

510 1841 747 1893 Gramm.
785 1844 835 1904 S.
873 1839 969 1904 50,
1005 1840 1053 1894 3.
1159 1840 1213 1904 3)
1273 1833 1349 1891 ἄν
1384 1833 1494 1906 γὰρ
1532 1841 1601 1892 Σ.
1648 1843 1855 1892 Laui-S.
1897 1846 1954 1892 et
1990 1857 2177 1892 omnes
2222 1840 2370 1890 libri.
2454 1839 2605 1890 ‘Scio
2644 1840 2817 1889 bene

511 1926 776 1991 coniungi
814 1941 936 1975 cum
973 1925 1346 1991 superioribus
1385 1941 1454 1976 ea
1489 1941 1631 1990 quae
1670 1931 1985 1990 sequuntur,
2024 1927 2073 1976 si
2110 1931 2280 1977 totum
2318 1939 2530 1975 comma
2565 1911 2643 1973 ἄν
2684 1917 2814 1987 γὰρ

547 2045 562 2060 .
593 2047 605 2060 .
646 2003 1021 2073 διαφεύξεται
1059 2007 1399 2060 facesseret!
1436 2008 1794 2073 OE'aylorus.
1850 2010 2077 2060 ‘Videor
2112 2009 2247 2060 mihi
2283 2009 2617 2074 intelligere,
2660 2007 2816 2072 quid

507 2093 782 2144 hominem
817 2091 962 2143 male
999 2093 1272 2146 habuerit.
1345 2091 1578 2143 Scilicet
1611 2093 1889 2157 particula
1923 2086 2033 2158 γὰρ
2069 2094 2209 2144 haec
2248 2110 2369 2144 cum
2407 2091 2812 2143 antecedenti-

505 2176 607 2226 bus
656 2175 994 2242 coniungens
1043 2177 1354 2227 sententiae
1401 2181 1513 2228 tam
1562 2192 1751 2242 parum
1792 2178 2145 2229 accommoda
2180 2183 2291 2242 est,
2332 2182 2423 2240 ut,
2462 2191 2811 2242 quocunque

505 2265 562 2310 te
597 2265 816 2322 vertas,
864 2260 1146 2312 causalem
1193 2275 1392 2312 nexum
1443 2263 1759 2327 perspicere
1796 2277 1905 2312 non
1940 2263 2135 2327 possis.
2205 2262 2401 2326 Itaque
2438 2261 2680 2312 scribam
2720 2275 2811 2310 αν

507 2337 566 2396 δ’
603 2335 705 2411 ἄρ’
741 2333 974 2396 απαντοὶ
1007 2361 1094 2404 τις
1129 2348 1245 2398 κτλ
1311 2343 1486 2412 [Idem
1521 2347 1735 2398 mavult
1767 2343 2101 2412 Dobraeus.]
2161 2345 2343 2396 Aliam
2378 2361 2601 2397 eausam
2639 2343 2807 2408 (scil.

505 2431 553 2481 si
591 2434 777 2481 orator
812 2431 1038 2496 scripsit
1071 2441 1239 2496 supra
1273 2428 1497 2497 πρῶτον
1532 2425 1693 2499 μὲν),
1746 2447 1843 2483 cur
1888 2430 2041 2483 locus
2089 2430 2415 2496 particulam
2455 2423 2520 2481 δὲ
2554 2445 2801 2496 poscere

505 2514 790 2577 videatur„
816 2514 980 2565 attuli
1018 2516 1088 2565 ad
1123 2532 1202 2567 vs.
1239 2516 1290 2569 5.
1338 2517 1555 2567 Passim
1590 2522 1716 2583 post
1748 2514 1973 2579 πρῶτον
2008 2508 2114 2581 μὲν
2150 2517 2397 2581 sequitur
2431 2514 2663 2579 simplex
2702 2508 2798 2566 δέ.

505 2599 630 2650 vid.
667 2599 918 2665 Xenoph.
955 2598 1139 2665 Symp.
1175 2600 1232 2657 2,
1269 2598 1373 2650 223
1446 2600 1705 2651 Schaes
1714 2615 1883 2651 erus.
1972 2599 2107 2651 ‘Sed
2154 2592 2267 2665 γὰρ
2312 2606 2497 2666 potest
2532 2598 2801 2650 excusari

503 2689 730 2751 propter
765 2683 1080 2734 liberiorem
1127 2688 1458 2735 structuram
1504 2684 1971 2750 praecedentium.
2044 2684 2253 2750 Nempe
2290 2683 2513 2749 πρῶτον
2546 2676 2653 2749 μὲν
2686 2700 2795 2749 po·

505 2768 610 2819 sito
647 2767 874 2820 volebat
907 2772 1096 2818 noster
1131 2758 1258 2816 εἷτα
1293 2768 1474 2833 sequi,
1517 2768 1614 2817 sed
1649 2772 1872 2833 propter
1892 2767 2065 2819 verba
2088 2767 2519 2831 παρενθετικῶς
2552 2769 2791 2831 inserta,

502 2842 629 2902 dn'
669 2845 833 2916 ἕτερα
869 2890 884 2903 .
911 2886 924 2900 .
954 2888 968 2901 .
995 2840 1139 2900 ἄλλα
1172 2851 1378 2916 μυρία,
1417 2852 1631 2902 factum
1670 2858 1781 2915 est,
1818 2857 1881 2902 ut
1916 2843 2024 2917 γὰρ
2062 2852 2131 2901 ad
2168 2840 2312 2903 ἄλλα
2346 2852 2526 2919 μυρία
2559 2866 2792 2917 respon-

503 2934 698 2986 deret.'
738 2932 1064 2986 Shilleto.
1122 2934 1196 2983 At
1232 2950 1373 2999 quae
1410 2939 1536 3001 post
1570 2931 1681 3000 γάρ
1718 2941 2017 3001 sequuntur
2050 2935 2257 2986 nullam
2294 2952 2519 2987 causam
2556 2952 2787 3002 praece-

503 3019 748 3091 dentium
785 3018 1072 3069 verborum
1109 3018 1361 3070 reddunt.
1410 3020 1601 3086 Neque
1639 3009 1755 3083 ἄρα
1792 3022 1921 3071 ferri
1958 3026 2167 3087 potest,
2204 3036 2331 3072 nam
2368 3022 2521 3072 nulla
2558 3020 2781 3072 conclu·

501 3103 667 3154 dendi
709 3102 854 3153 ratio
897 3102 1242 3170 perspicitur.
1313 3104 1481 3155 Nulla
1529 3110 1712 3155 autem
1750 3105 2089 3172 frequentior
2124 3106 2375 3157 confusio
2413 3122 2573 3173 quam
2608 3104 2787 3171 parti-

503 3186 748 3239 cularum
785 3178 894 3253 γάρ
932 3192 989 3237 et
1025 3182 1105 3241 δέ.
1167 3189 1344 3251 Quam
1377 3190 1711 3255 particulam
1747 3190 2123 3256 superioribus
2156 3188 2381 3253 πρῶτον
2414 3183 2521 3256 μὲν
2556 3206 2783 3256 respon·

501 3273 722 3323 dentem
765 3272 813 3323 si
861 3272 1268 3336 admiserimus,
1318 3276 1522 3340 optime
1560 3276 1840 3325 sententia
1876 3275 2149 3340 procedit:
2210 3275 2365 3327 Duas
2411 3290 2636 3334 causas,
2684 3290 2786 3325 cur

501 3358 644 3409 bene
679 3356 863 3409 meriti
899 3356 1048 3408 cives
1084 3374 1192 3408 non
1229 3359 1526 3409 honoribus
1565 3360 1896 3421 afficiantur,
1936 3359 2068 3409 mali
2104 3374 2213 3409 non
2246 3360 2557 3427 puniantur,
2595 3366 2785 3410 orator

499 3444 705 3493 refert:
749 3441 803 3507 1)
839 3440 1127 3493 stultitiam
1166 3441 1220 3507 2)
1257 3444 1545 3507 malitiam,
1596 3444 1678 3493 Ad
1717 3443 1767 3509 l)
1804 3443 2122 3494 stultitiam:
2160 3442 2561 3495 multitudinem
2598 3459 2782 3509 repre-

499 3528 691 3578 hendit
744 3526 798 3591 a)
847 3528 902 3577 iu
949 3526 1296 3577 contionibus
1339 3528 1762 3593 imprudentem,
1819 3527 1877 3591 b)
1914 3528 1972 3578 in
2018 3528 2239 3578 iudiciis
2276 3528 2533 3597 cupidam
2571 3528 2781 3591 (verbis

501 3604 734 3670 ἕκαστος
785 3610 1010 3675 πρῶτον
1061 3606 1168 3677 μὲν
1206 3648 1217 3659 .
1247 3651 1260 3664 .
1289 3653 1301 3664 .
1339 3610 1569 3675 μυρία);
1632 3613 1702 3662 ad
1760 3610 1813 3675 2)
1863 3611 2163 3676 malitiam,
2211 3612 2379 3665 duces
2415 3613 2780 3664 multitudinis

497 3710 725 3761 pravos,
775 3695 867 3759 qui
914 3695 1082 3745 bonos
1131 3694 1581 3759 (Demosthenem
1635 3696 1858 3761 eiusque
1895 3696 2126 3761 similes)
2163 3696 2394 3748 oderunt
2431 3698 2781 3763 atque.omni

499 3778 656 3829 modo
709 3777 905 3829 tollere
958 3780 1202 3837 student,
1257 3778 1625 3831 multitudinis
1678 3781 1921 3831 stultitia
1970 3782 2279 3833 abutentes.
2349 3782 2481 3835 Ideo
2516 3780 2636 3832 fieri
2670 3798 2777 3833 non

497 3866 706 3929 potest,
743 3866 806 3912 ut
839 3861 1014 3913 bonus
1052 3862 1190 3915 civis
1225 3878 1450 3915 securus
1486 3865 1561 3915 sit
1598 3854 1693 3929 (ἄν
1719 3854 1779 3916 δ’
1816 3857 2047 3917 ἅπαντα
2086 3864 2235 3929 etc.),
2274 3866 2366 3931 qui
2398 3867 2645 3935 utrisque
2681 3868 2775 3917 ad-

497 3953 760 3999 versetur.
899 3945 953 4011 4>
1016 3940 1170 3998 εἶναι
1220 3955 1375 3999 extra
1423 3948 1634 4000 lineam
1667 3951 1856 4002 Laur'S
1894 3951 2055 4001 initio
2090 3950 2187 4000 lin.
2325 3948 2380 4014 5)
2440 3942 2537 4015 ἐφ’
2574 3968 2658 4003 om
2692 3949 2771 4005 Ω.

497 4032 552 4097 6)
587 4024 951 4097 ἄπορᾆουσα
985 4048 1028 4083 ε.
1068 4029 1120 4082 δ.
1261 4032 1313 4097 7)
1360 4024 1597 4099 ἀθρόως
1631 4034 1780 4102 vulg.
1818 4063 1882 4072 —
1919 4026 2153 4099 ἁθρόως
2187 4034 2359 4101 Augl.
2394 4052 2437 4085 ε.
2476 4034 2672 4089 vinda.
2706 4061 2774 4071 —

498 4160 718 4233 «θρόος
756 4168 823 4219 Σ.
868 4196 938 4205 —
981 4158 1204 4233 ἁθρόος
1239 4148 1308 4221 ‘12
1345 4198 1414 4206 -
1457 4162 1679 4235 ἀθρόος
1714 4170 1919 4223 LaurS.
1961 4169 2026 4223 Φ.
2061 4196 2129 4207 -—
2163 4135 2386 4235 ἄθρόῗς
2422 4169 2495 4221 Π.
2597 4168 2653 4237 8)
2688 4169 2773 4237 γί-

497 4268 692 4321 γνεται
731 4250 814 4319 βλ.
853 4252 1029 4320 Augl.
1065 4254 1116 4304 k.
1154 4270 1200 4304 r.
1237 4270 1280 4305 s.
1321 4254 1521 4307 Laur8.
1560 4256 1696 4305 Mor.
1736 4282 1802 4290 -
1839 4253 1922 4322 βλ.
1961 4254 2217 4321 γίγνεται
2254 4254 2411 4321 (γίν.)
2451 4252 2519 4305 Σ.
2556 4254 2703 4323 vulg.

632 4339 772 4395 229.
846 4336 894 4403 1)
953 4328 1132 4406 ἀνῆτε
1178 4338 1250 4389 Σ.
1296 4339 1448 4405 vulg.
1509 4368 1573 4377 --
1632 4333 1823 4405 ἀφῆτε
1868 4338 2042 4407 Augl.
2080 4340 2129 4393 2.
2174 4358 2217 4391 s.
2256 4337 2309 4406 β.
2350 4336 2403 4395 δ.
2443 4354 2487 4391 ε.
2524 4356 2579 4407 η.
2614 4340 2773 4397 Lesa.
