3084 4938
699 407 1144 450 nnuosrnnms
1177 407 1274 450 on.
1309 407 1393 448 m:
1424 405 1623 448 FALSA
1652 405 2031 450 memnone.
2398 387 2521 452 625

551 658 716 732 οὔθ’
758 666 959 754 ι”εραῖν
993 660 1294 733 κτεάνων
1327 660 1483 732 οὔτε
1517 656 1641 732 τι32
1680 645 2019 752 δημοσίων

453 761 837 853 φειδόμενοι
873 768 1302 854 κλέπτουσιν,
1344 757 1518 854 ἐφ’33
1554 760 1821 856 ἁρπαγῇ
1853 761 2142 835 ἄλλοθεν
2177 755 2445 842 ἄλλος.34

558 859 720 936 οὐδὲ
755 864 1209 956 φυλάσσονται
1245 865 1456 956 σεμνοὶ
1491 875 1707 956 Δίκης
1740 861 2121 957 θέμεθλα,35
2560 890 2609 930 ¹0

453 962 497 1055 ἢ
530 974 784 1056 σιγῶσα
818 963 1154 1039 σύνοιδε36
1187 963 1328 1039 τά37
1364 968 1725 1058 γιγνόμενα
1738 963 1789 1002 ³⁸
1822 966 1952 1058 πρό
1987 965 2049 1038 τ’
2092 965 2319 1056 ἐόντα,

377 1095 425 1134 15
552 1072 647 1162 τῷ
683 1071 758 1140 δὲ
793 1069 1011 1164 χρόνῳ
1046 1067 1311 1152 πάντως
1347 1061 1509 1159 ἦλθ’
1548 1062 2073 1161 οἷποτισαμ,.ε’νη.39

651 1343 964 1416 Despoliant
993 1341 1183 1398 urbem
1213 1341 1533 1415 divitiasque
1564 1341 1723 1398 desim

555 1427 835 1491 furantur,
868 1429 1089 1501 rapiunt
1121 1443 1310 1482 omnes
1341 1427 1502 1482 datur
1534 1427 1689 1490 unde,
1722 1443 1899 1499 neque
1930 1428 2061 1484 iram

656 1511 896 1568 Iustitiae
925 1520 1118 1568 curant
1147 1519 1443 1585 sanctaque
1475 1513 1611 1568 scita
1640 1511 1787 1568 deae.

553 1593 648 1650 ma
681 1603 824 1651 tacet
853 1604 1094 1652 veterum
1123 1613 1331 1652 memor
1360 1603 1414 1651 ct
1445 1598 1753 1669 praesentia
1782 1591 2042 1658 cernens,

477 1689 532 1742 ιε»,
655 1679 752 1735 sed
785 1680 993 1736 tandem
1025 1680 1090 1738 ad
1120 1696 1324 1755 poenas
1357 1683 1501 1736 venit
1531 1697 1731 1756 easque
1762 1697 1971 1754 graves.

248 1901 434 1946 mente
471 1895 678 1946 ibidem
701 1896 1012 1963 Theognidi
1047 1896 1323 1949 tribuitur.
1369 1913 1607 1964 namque
1634 1902 1690 1948 et
1717 1897 1864 1948 aliae
1892 1885 2204 1948 communes
2239 1897 2529 1958 inveniun-

249 1986 355 2032 tur.
431 1978 682 2031 ‘Conieci
718 1980 848 2030 olim
883 1980 1024 2031 nihil
1060 1981 1172 2030 nisi
1204 1980 1612 2032 hemistichium
1651 1982 1950 2032 excidisse:

656 2053 1017 2132 εὐφροσύνας
1052 2067 1289 2132 κοσμεῖν
1325 2059 1520 2125 δαιτὸς
1559 2057 1621 2117 ἐν
1657 2056 1881 2132 ἡσυχίῃ.

553 2149 896 2202 πλουτοῦσιν
934 2142 994 2200 δ’
1031 2141 1277 2210 ἀδίκως
1331 2187 1648 2203 .....

654 2223 799 2285 οὔθ’
835 2227 1006 2300 ἴερῶν
1041 2226 1296 2287 κτεάνων
1331 2225 1462 2286 οὔτε
1496 2252 1551 2284 τι
1590 2232 1883 2300 δημοσίων

553 2311 908 2384 φειδόμενοι,
947 2315 1250 2370 κλέπτουσι
1286 2310 1346 2370 δ’
1388 2310 1488 2385 ἐφ’
1523 2310 1755 2385 ἁρπαγῇ
1790 2313 2045 2370 ἄλλοθεν
2079 2309 2267 2379 ἄλλος.

249 2409 312 2454 ut
353 2395 586 2462 ἀδίκοις
633 2397 868 2468 ἔργμασι
913 2401 1258 2469 πειθόμενοι
1302 2403 1523 2454 illatum
1568 2404 1644 2453 sit
1680 2420 1708 2453 e
1745 2405 1971 2468 Fragm.
2008 2403 2169 2466 XIII,
2212 2404 2290 2452 12.
2365 2403 2525 2454 Cete-

253 2505 370 2541 rum
401 2490 461 2539 in
509 2490 663 2541 codd.
710 2505 815 2539 nec
851 2489 945 2541 hic
981 2506 1086 2540 nec
1121 2490 1271 2540 infra
1305 2489 1476 2539 ullum
1512 2488 1751 2539 lacunae
1786 2486 2093 2538 indicium.’
2162 2490 2523 2554 Bergkius.

251 2574 424 2641 Signa
459 2573 782 2625 lacunarum
818 2576 930 2623 iam
968 2574 1027 2623 in
1061 2574 1342 2625 veteribus
1379 2572 1825 2639 anthologiarum
1864 2572 2201 2623 editionibus
2240 2579 2524 2639 apparent.

249 2685 318 2695 —-
353 2684 418 2694 —-
454 2660 600 2721 Quia
635 2658 916 2710 simillima
951 2659 1125 2710 verba
1163 2658 1304 2719 alius
1339 2659 1450 2710 loci
1485 2657 2009 2725 leguntur‚·deinde
2050 2658 2178 2722 quia
2213 2657 2395 2719 Lind„
2435 2674 2527 2708 co-

251 2742 356 2794 dex
389 2744 570 2795 bonae
603 2748 772 2795 notae
807 2744 866 2793 in
898 2743 1008 2795 hac
1043 2745 1318 2807 oratione,
1369 2744 1538 2795 etiam
1584 2743 1729 2795 hunc
1773 2758 1989 2794 versum
2037 2742 2245 2806 omisit,
2293 2742 2527 2807 denique

253 2828 379 2894 quia
413 2834 540 2895 post
582 2844 800 2880 versum
836 2827 942 2878 oum
990 2828 1193 2895 frigide
1243 2829 1440 2880 eadem
1484 2830 1764 2881 sententia
1807 2831 2178 2893 repeteretur,
2227 2826 2528 2877 delevimus

255 2928 373 2963 eum
409 2918 811 2979 pentametrum
858 2929 1077 2964 versum
1121 2930 1244 2965 cum
1291 2914 1533 2965 eiusdem
1582 2914 1809 2964 distichi
1852 2913 2188 2963 hexametro.
2328 2912 2430 2973 32)
2474 2928 2526 2963 τι

253 3014 336 3048 om
370 2996 454 3052 Ω.
488 2997 685 3051 Vind4.
825 2996 922 3061 33)
969 2988 1081 3064 ἀφ’
1128 2996 1202 3049 Π.
1248 2998 1450 3049 Laui-8.
1499 2997 1633 3051 Mal.
1669 2998 1872 3049 vinds,
1918 3023 1989 3035 —·
2030 2988 2119 3062 οἷφ
2165 2998 2229 3047 F.
2273 2996 2335 3047 T.
2376 2996 2440 3048 Φ.
2479 3014 2526 3047 r.

252 3080 338 3146 34)
385 3072 528 3133 οὗθ’
576 3121 590 3133 .
619 3118 632 3131 .
663 3118 718 3133 ..
765 3070 936 3139 ἄλλος
981 3098 1068 3131 om
1113 3099 1161 3134 u.
1301 3082 1390 3148 35)
1437 3078 1707 3148 θέμεθλα
1753 3081 1936 3148 Δίκης
1981 3082 2249 3147 Bergkius
2295 3079 2362 3132 de
2408 3097 2524 3132 suo.

255 3167 412 3217 bene.
452 3193 516 3201 —
553 3166 622 3214 Δ.
659 3160 882 3232 θέμελα
917 3165 1020 3216 Fel
1059 3182 1258 3219 errore.
1387 3164 1474 3230 36)
1525 3158 1583 3215 δ’
1627 3160 1803 3233 ἔληθε
1837 3165 2071 3217 συνοῖδε
2110 3166 2176 3217 Φ.
2214 3194 2277 3225 -,-
2314 3161 2525 3231 λέληθε

254 3242 486 3303 σύνοιδε
531 3254 628 3299 aut
671 3249 718 3299 λ.
766 3247 1000 3300 σννοῖδε
1035 3266 1084 3300 r.
1128 3248 1204 3300 Π.
1250 3248 1452 3303 Laur8.
1498 3251 1693 3304 vindct.
1731 3250 1875 3313 Mal,
1922 3250 1981 3299 in
2026 3266 2130 3315 quo
2178 3252 2367 3301 codiee
2418 3250 2526 3301 Chr

255 3335 463 3386 delevit
497 3328 726 3405 λέληθς.
843 3333 946 3399 37)
981 3349 1042 3386 τε
1081 3351 1204 3386 corr
1240 3333 1367 3385 Chr.
1484 3333 1582 3399 38)
1620 3326 1897 3401 γινόμενα
1934 3334 2133 3385 vinds.
2248 3334 2346 3398 39)
2384 3326 2527 3386 οἷκο-

255 3414 528 3487 τισαμὲνη
563 3419 712 3486 vulg.
763 3446 826 3456 --
870 3410 1260 3486 α’ποτισομένη
1309 3435 1431 3470 corr
1474 3420 1613 3471 Bav.
1655 3418 1785 3483 (non
1818 3418 1923 3482 R).
2004 3417 2259 3469 coniecit
2304 3419 2525 3485 Sylbur-

257 3506 395 3571 gius.
431 3506 786 3571 Receperunt
808 3504 1072 3555 Reiskius
1099 3510 1205 3557 etc.
1276 3503 1363 3555 cf.
1402 3504 1627 3571 Fragm.
1650 3504 1790 3555 XIII
1814 3503 2020 3570 Bergk.
2046 3502 2164 3554 fin.:
2202 3502 2524 3571 τισομένην.

257 3618 318 3629 —
356 3590 440 3641 ‘In
475 3595 705 3655 utroque
740 3606 906 3642 versu
939 3589 1207 3641 Brunckii
1242 3588 1460 3655 (Gnom.
1499 3590 1653 3641 Po'et.
1692 3588 1875 3639 Solon.
1912 3588 2137 3653 Fragm.
2173 3589 2292 3652 XV)
2328 3588 2524 3639 lectio-

255 3676 416 3725 nibus
452 3714 468 3730 .
493 3712 508 3726 .
537 3712 549 3725 .
587 3679 708 3725 tota
743 3677 944 3741 poetae
990 3676 1270 3725 sententia
1314 3676 1673 3726 vehementer
1718 3688 1982 3739 perversa.
2028 3678 2131 3726 est.
2208 3674 2433 3725 Etenim
2468 3676 2526 3725 in

257 3761 506 3811 omnibus
557 3759 714 3810 libris
767 3760 993 3811 offertur
1047 3750 1437 3825 ἀπονησαμένη
1485 3796 1498 3811 .
1536 3795 1551 3810 .
1588 3796 1602 3811 .
1651 3759 1793 3823 quod
1844 3758 2156 3811 Brunckius
2207 3759 2526 3811 Marklandi

258 3846 630 3896 coniecturum
667 3849 930 3910 sequutus
964 3846 1199 3896 mutavit
1241 3846 1299 3895 in
1347 3836 1749 3910 ἄποτισομένη.
1821 3845 2079 3895 Iustitiae
2114 3844 2378 3896 ultionem
2416 3862 2526 3896 non

257 3929 428 3981 solum
465 3930 704 3979 futuram
741 3930 849 3980 sibi
886 3930 1165 3994 cogitasse
1203 3928 1476 3991 Solonem,
1516 3929 1616 3978 sed
1654 3928 1885 3979 eandem
1922 3944 2135 3996 quoque
2173 3935 2524 3996 coeptantem

257 4020 442 4081 petere
478 4030 690 4080 poenas
723 4016 991 4080 imprimis
1027 4013 1204 4080 liquet
1240 4030 1400 4079 quum
1437 4029 1506 4063 ex
1538 4012 1619 4078 τῷ
1652 4006 1837 4083 χρόνῳ
1872 4020 2021 4065 recte
2058 4014 2337 4065 illustrato
2374 4014 2431 4079 (i.
2472 4032 2522 4080 q.

255 4102 349 4151 im
385 4102 635 4162 landem),
683 4103 796 4149 tum
835 4116 902 4150 ex
935 4099 1090 4150 hisce
1127 4100 1410 4165 sequentis
1443 4113 1638 4148 versus
1672 4098 1983 4151 vocabulis:
2031 4090 2189 4150 τοῦτ’
2224 4092 2340 4166 ἤδη
2378 4137 2393 4151 .
2423 4137 2435 4150 .
2462 4136 2476 4151 .
2508 4140 2521 4152 .

256 4185 439 4237 Verba
495 4184 653 4236 clara
695 4188 823 4235 sunt
867 4220 882 4235 .
914 4220 928 4233 .
955 4200 996 4235 ,ε
1059 4185 1208 4235 Certe
1257 4185 1500 4251 quidquid
1540 4185 1787 4249 flagitium
1835 4186 2097 4235 ulciscitur
2140 4185 2376 4243 Iustitia·
2429 4186 2524 4235 Ιιου

255 4273 350 4321 iam
383 4273 578 4323 invadit
610 4272 784 4321 vulnus
820 4268 966 4332 (scil.
1005 4268 1148 4334 quod
1169 4268 1601 4319 Atheniensibus
1636 4268 1839 4335 infligit
1859 4269 2099 4319 Iustitia.
2147 4272 2321 4320 utitur
2357 4270 2524 4321 Solon
2602 4271 2611 4281 “

257 4356 603 4420 metonymia,
643 4354 740 4406 ubi
778 4352 1008 4404 effectus
1043 4353 1272 4404 sumitur
1306 4368 1406 4419 pro
1444 4368 1647 4417 causa,
1692 4353 1919 4419 vulnus,
1968 4354 2110 4418 quod
2154 4354 2525 4419 proficiscitur

203 4492 206 4497 ,
258 4456 292 4491 ι
323 4440 562 4501 Iustitia,
599 4455 698 4506 pro
733 4440 859 4506 ipsa
881 4438 1124 4503 Iustitia)
1160 4440 1426 4490 universae
1461 4438 1578 4490 urbi
1608 4440 1747 4490 haud
1779 4436 2153 4505 effugiendum?
2206 4438 2522 4490 Bachius.

354 4558 632 4595 nanos-m.
2037 4532 2118 4593 40
