3084 4938
510 342 633 407 384
790 358 994 401 LmAN.
1025 358 1169 402 ARG-
1202 358 1267 399 m
1296 356 1614 399 DEMOSTH.
1647 358 1750 399 ΟΒ.
1782 358 1866 399 m:
1896 356 2094 398 FALSA
2123 354 2500 397 LEGATIONE.

510 508 715 583 αὑτὸν
760 514 1055 583 Φωκέων
1100 508 1212 581 καὶ
1248 514 1600 581 Θετταλῶν
1643 512 1756 581 καὶ
1803 512 2122 597 Θηβαίων
2135 502 2210 595 ‚¹⁰
2257 504 2597 597 ἐβουλήθη
2632 503 2792 589 τούς

427 642 475 682 ιο
502 610 902 702 Ἀθηναίους
950 606 1415 701 ἐξαπατῆσαι)1
1486 614 1598 682 καὶ
1651 610 1894 699 ταύτης
1937 614 2064 699 τῆς.
2101 608 2500 699 προφάσεως
2551 605 2790 699 δραξά-

508 742 705 805 μενος
744 723 1105 803 Φίλιππος,
1154 710 1471 784 ἀπολύων
1510 705 2044 805 Ἀριστόδημον12
2079 714 2190 783 καὶ
2227 704 2789 800 Νεοπτόλεμον,13

510 824 739 905 ἔλεγεν
772 812 999 952 αὐτοιῑς
1032 813 1133 886 ὅτι
1168 822 1362 904 φίλος
1400 816 1533 905 εἰμὶ
1563 810 1961 903 Ἀθηναίοις.
2025 812 2126 903 (3)
2163 814 2436 902 Συνέβη
2475 812 2550 882 δὲ
2584 810 2788 883 πάλιν

510 947 573 989 τι
620 914 952 989 τοιοῦτονι
1002 920 1338 1005 γενέσθαι.
1414 914 1710 1005 Φρύνων
1757 944 1854 997 τις
1893 912 2250 1004 Ἀθηναῖος
2295 910 2515 984 ἀπιων
2555 910 2787 1003 Ὀλυμ·

430 1050 476 1090 15
512 1028 745 1091 πίασιν
779 1016 1267 1108 ἀγωνισάμενος
1300 1014 1343 1107 ἢ
1367 1016 1809 1107 θεασόμενος,
1852 1011 2247 1119 ἐκρατήθη’
2207 1014 2342 1086 υπό
2363 1042 2568 1085 τινων
2590 1035 2786 1107 στρα·

508 1150 765 1191 τιωτων
808 1124 933 1190 τοῦ
980 1124 1339 1190 Φιλίππου
1372 1125 1445 1191 ἐν
1490 1124 1875 1243 ἱερομηνίᾳ,
1925 1122 2036 1189 καὶ
2083 1114 2398 1208 ἀφῃρέθη
2443 1114 2661 1187 πάντα
2705 1112 2808 1186 τὰ·

512 1217 766 1293 αὐτοῦ.2
834 1224 947 1293 καὶ
1000 1218 1222 1292 έλθων
1270 1229 1363 1303 εἰς
1418 1218 1703 1310 Ἀθήνας
1757 1216 2112 1311 παρεκάλει
2157 1248 2314 1299 τους
2363 1214 2786 1306 Ἀθηναίους,

510 1328 625 1393 ἵνα
658 1320 1208 1413 χειροτονήσωσιν
1242 1318 1451 1394 αὐτὸν
1484 1322 1935 1414 πρεσβευτήν,
1984 1315 2200 1405 ὅπω93
2233 1316 2553 1391 ἀπελθων
2587 1315 2790 1409 πρὸς4

428 1454 479 1493 20
514 1432 851 1495 Φίλιππον
885 1423 1058 1515 λάβῃ
1092 1421 1262 1515 ἅπερ
1296 1420 1628 1515 ἀφῃρέθη.
1677 1427 1789 1495 καὶ
1827 1426 2214 1504 πεισθέντες
2245 1418 2589 1510 Ἀθηναῖοι
2626 1425 2788 1511 ἐχει-

442 1545 449 1549 “
513 1525 881 1616 ροτόνησαν
926 1522 1131 1597 αὐτὸν
1177 1530 1289 1597 καὶ
1324 1530 1788 1615 Κτησιφῶντα.
1861 1528 1971 1595 καὶ
2021 1523 2360 1595 ἐλθόντων
2393 1517 2653 1593 aue-&21⁵
2691 1530 2788 1604 εἰς

514 1635 953 1699 Μακεδονίαν
995 1626 1420 1717 φιλοφρόνως
1478 1622 1728 1709 αὐτοῦς
1787 1630 2048 1711 ἐδέξατο
2104 1622 2141 1696 ὁ
2191 1633 2550 1711 Φίλιππος,
2623 1620 2788 1705 ὥςτε

510 1732 622 1800 καὶ
670 1726 751 1800 τὰ
794 1725 1250 1819 ἀφαιρεθέντα
1294 1724 1424 1799 vim}
1470 1732 1608 1800 ταῖν
1649 1722 2108 1820 στρατιωτῶν6
2153 1724 2372 1797 πάντα
2413 1720 2784 1797 ἀποδοῦναι

513 1829 697 1925 αὐτῷ
706 1825 729 1865 ⁷
778 1834 888 1902 καὶ
928 1834 1001 1901 ἐκ
1032 1834 1170 1901 τῶν
1202 1838 1471 1901 οἰκείων
1500 1828 1672 1901 ἄλλα
1708 1834 2089 1919 ἐπιδοῦναι,
2137 1831 2248 1900 καὶ
2281 1825 2784 1917 ἀπολογεῖσθαι,

427 1962 477 2001 πε
510 1930 607 2002 ὅτι
656 1929 949 2021 ἠγνόουν
990 1936 1061 2001 οἰ
1099 1939 1527 2019 στρατιῶται,
1577 1928 1676 2002 ὅτι
1721 1934 2070 2021 ἱερομηνία
2119 1934 2272 2002 ἐστι’.
2347 1932 2457 2000 καὶ
2525 1927 2786 2012 τούτοις

512 2032 713 2103 πάλιν
760 2028 1002 2123 ὁμοίως
1050 2039 1276 2121 ἔλεγεν
1324 2028 1413 2113 ὦς
1459 2041 1654 2122 φίλος
1693 2036 1824 2123 εἰμὶ
1855 2030 2250 2122 Ἀθηναίοις.
2323 2032 2434 2101 καὶ
2473 2028 2788 2113 ἐλθόντες

512 2141 607 2215 εἰς
638 2131 763 2223 τὴν
801 2130 1103 2223 Ἀττικὴν
1146 2132 1227 2204 τὰ
1276 2130 1445 2203 αὐτὰ
1478 2152 1618 2217 τοῖς
1651 2131 1872 2216 ἄλλοις
1907 2124 2365 2225 ἀετιήγγειλαν.8
2417 2132 2517 2223 (4)
2565 2136 2788 2203 Ταῦτα

509 2231 911 2317 ἀκούσαντες
942 2230 1319 2323 Ἀθηναῖοιῑ
1360 2234 1714 2324 ἐβούλοντο
1749 2249 2030 2327 μαθεῖν,
2071 2244 2133 2306 εἰ
2163 2230 2310 2325 μετ’
2338 2230 2659 2323 ἀληθείας
2697 2242 2786 2305 εἰ·

376 2364 477 2418 336
510 2334 724 2427 ρήνην
770 2334 959 2426 ἄγειν
1018 2336 1328 2426 βούλεται
1376 2347 1724 2420 Φίλιππος.
1808 2342 1918 2409 καὶ
1970 2336 2052 2427 δὴ
2112 2340 2560 2428 χειροτονοῦσι
2625 2338 2788 2407 δέκα

510 2506 749 2564 Thessali
782 2517 837 2564 et
859 2509 1110 2570 Thebani.
1144 2509 1317 2566 voluit
1340 2511 1696 2566 Athenienses
1717 2510 1980 2584 decipere.
2025 2509 2206 2583 anue
2234 2525 2397 2565 eausa
2427 2515 2640 2582 arrepta
2662 2505 2788 2562 Phi-

509 2592 709 2666 lippus,
742 2609 907 2667 quum
932 2593 1231 2650 dimitteret
1250 2595 1650 2650 Aristodemum
1675 2601 1730 2650 et
1751 2593 2182 2668 Neoptolemum,
2215 2595 2281 2648 iis
2303 2594 2436 2650 dicit
2465 2607 2524 2648 se
2554 2593 2786 2648 amicum

509 2693 629 2732 esse
657 2677 1095 2734 Atheniensibus.
1142 2678 1216 2750 (3)
1262 2680 1470 2736 Rursus
1500 2680 1746 2751 contigit,
1775 2687 1840 2734 ut
1873 2679 1976 2734 tale
2007 2677 2256 2752 quiddam
2289 2676 2584 2734 accideret:
2615 2675 2786 2750 Phry·

510 2778 617 2817 non
651 2763 865 2836 quidam
899 2765 1241 2820 Atheniensis
1273 2763 1654 2837 proficiscens.
1687 2772 1748 2818 ut
1777 2763 2052 2837 Olympiae
2093 2770 2330 2818 certaret
2371 2769 2466 2818 aut
2493 2769 2784 2835 spectaret,

510 2855 700 2920 captus
730 2855 815 2902 est
846 2865 873 2902 a
897 2847 1214 2921 quibusdam
1232 2847 1463 2921 Philippi
1495 2847 1758 2903 militibus
1790 2849 1932 2904 sesto
1963 2857 2225 2921 tempore,
2257 2855 2312 2902 et
2341 2845 2608 2922 spoliatus
2638 2849 2784 2902 omni

508 2933 737 3005 pecunia
758 2949 872 2987 sua.
904 2933 951 2987 is
973 2948 1222 2988 reversus
1246 2934 1500 2993 Athenas,
1528 2941 1784 3006 precatur
1802 2932 2172 2994 Athenienses,
2197 2939 2260 2986 ut
2287 2947 2344 2987 se
2373 2931 2612 3003 legatum
2637 2947 2786 2986 erea-

510 3024 648 3076 rent.
680 3033 789 3090 quo
821 3017 1099 3089 profectus
1128 3017 1195 3074 ad
1215 3016 1520 3092 Philippum
1545 3019 1812 3090 reciperet
1842 3033 1919 3079 ea,
1952 3017 2150 3090 quibus
2181 3023 2324 3072 esset
2358 3015 2642 3089 spoliatus
2686 3017 2786 3070 As-

510 3115 731 3154 sensere
758 3101 1115 3158 Athenienses
1146 3109 1308 3176 atque
1338 3118 1457 3157 eum
1492 3111 1547 3157 et
1575 3102 1988 3182 Ctesiphontem
2011 3109 2346 3157 creaverunt.
2411 3097 2605 3168 Quos
2591 3117 2646 3155 in
2678 3099 2784 3157 Ma-

508 3183 784 3240 eedoniam
816 3186 1098 3260 proiectos
1127 3186 1411 3272 Philippus
1452 3185 1759 3244 humaniter
1799 3189 2010 3261 excepit
2039 3194 2093 3241 et
2124 3203 2230 3242 non
2265 3183 2444 3240 solum
2476 3187 2654 3242 omnia
2684 3201 2784 3258 per

508 3268 707 3326 milites
750 3279 937 3346 erepta
975 3271 1207 3327 reddidit
1238 3274 1315 3337 ei,
1361 3249 1455 3327 sed
1486 3279 1541 3326 et
1573 3271 1673 3327 alia
1704 3271 1771 3328 de
1797 3288 1898 3327 suo
1930 3279 2014 3327 est
2049 3270 2307 3344 largitus,
2353 3279 2408 3326 et
2449 3269 2652 3327 factum
2695 3285 2784 3324 ex-

508 3356 733 3417 cusavit,
765 3357 1047 3428 ignorasse
1079 3357 1275 3412 milites
1307 3356 1359 3411 id
1392 3364 1605 3429 tempus
1637 3357 1806 3412 fuisse
1837 3356 2056 3412 festum.
2125 3364 2179 3412 et
2211 3372 2401 3411 rursus
2435 3353 2518 3410 his
2549 3356 2675 3410 item
2707 3354 2786 3410 di·

508 3441 585 3496 xit
614 3456 672 3496 se
702 3457 825 3497 esse
854 3443 1081 3498 amicum
1114 3440 1552 3496 Atheniensibus.
1599 3439 1698 3509 Qui
1731 3443 1784 3496 in
1815 3442 2046 3497 Atticam
2079 3443 2278 3496 reversi
2309 3439 2494 3496 eadem
2525 3455 2663 3514 quae
2692 3454 2782 3496 ee-

510 3527 612 3580 teri
654 3527 991 3583 nuntiarunt.
1066 3525 1139 3598 (4)
1186 3526 1277 3580 His
1320 3526 1517 3581 auditis
1547 3525 1903 3582 Athenienses
1945 3535 2094 3582 certo
2137 3523 2782 3599 comperire-voluerunt.

512 3625 703 3666 verene
733 3627 918 3683 pacem
950 3625 1109 3684 agere
1142 3611 1303 3666 vellet
1332 3609 1632 3684 Philippus.
1691 3611 1795 3666 lam
1826 3611 2009 3667 decem
2041 3610 2252 3683 legatos
2279 3617 2485 3666 creant.
2529 3617 2659 3666 sunt
2687 3627 2782 3666 au-

860 3699 873 3722 Ι

648 3788 731 3854 10)
776 3782 1129 3856 αίσθόμενος
1176 3783 1241 3842 δὲ
1289 3782 1375 3842 ὅτι
1421 3786 1686 3858 μέλλουσι
1722 3783 2138 3858 πρεσβεύεσθαι
2177 3784 2320 3856 πρὸς
2353 3781 2532 3842 αὐτὸν
2569 3789 2783 3848 Φωκεῖς

508 3869 607 3924 καὶ
634 3871 907 3925 Θετταλοὶ
944 3871 1043 3924 καὶ
1070 3875 1320 3943 Θηβαῖοι
1356 3877 1554 3927 vindi.
1579 3879 1630 3926 7.
1663 3895 1710 3928 s.
1783 3875 1866 3942 ll)
1907 3868 2258 3942 ἐξαπατῆσαι
2292 3868 2426 3934 τούς
2445 3865 2784 3942 Ἀθηναίους

508 3957 705 4009 vindi.
745 3959 793 4009 7.
904 3959 985 4022 12)
1022 3947 1437 4026 Ἀριστόβουλον
1475 3961 1669 4012 vind7.
1705 3951 1718 3966 ⁸
1780 3959 1866 4025 13)
1906 3959 1978 4012 N.
2018 3959 2116 4015 καὶ
2149 3953 2247 4028 219.
2283 3959 2480 4012 vindi.

644 4047 707 4100 3.
781 4043 829 4107 1)
868 4037 1131 4096 τοιοῦτόν
1163 4062 1217 4096 τι
1252 4045 1448 4096 vindi.
1553 4045 1609 4112 2)
1658 4035 1838 4096 αὖτοῦ
1872 4046 1996 4096 Fel.
2035 4075 2092 4082 —
2137 4037 2318 4097 αὐτοῦ
2351 4044 2498 4109 vulg.
2581 4042 2636 4108 3)
2683 4041 2784 4094 ἵνα

510 4145 557 4182 s.
584 4128 779 4180 Vindl.
831 4128 918 4179 cf.
956 4130 1003 4190 ς.
1040 4131 1072 4179 4
1108 4135 1219 4180 not.
1258 4129 1307 4182 3.
1346 4159 1411 4168 -
1446 4121 1521 4189 ὡς
1557 4117 1634 4180 ἄν
1667 4129 1860 4180 vinda
1931 4130 1984 4194 4)
2025 4125 2108 4189 εἰς
2145 4130 2338 4183 vinam
2372 4187 2378 4193 ,
2409 4129 2464 4195 5)
2503 4119 2784 4188 ἐλθόντας

509 4215 631 4266 sine
679 4203 868 4264 αὐτῶν
902 4213 1097 4264 vind7.
1236 4213 1290 4279 6)
1339 4213 1690 4280 στρατιωτῶν
1735 4230 1820 4265 om
1857 4213 2049 4266 vindi.
2179 4215 2231 4278 7)
2279 4205 2542 4278 Φρύνωνι
2586 4213 2780 4266 vindv.

506 4297 565 4365 8)
610 4289 937 4364 ἀπήγγελον
976 4300 1171 4352 Vindl.

646 4387 707 4439 4.
731 4401 757 4419 ²
782 4383 826 4448 l)
866 4377 925 4435 οῖ
952 4376 1067 4436 Ἆθ.
1104 4384 1295 4434 vind7.
1335 4409 1397 4418 —-
1438 4398 1521 4432 om
1561 4383 1851 4433 articulum
1885 4383 2084 4450 reliqui
2121 4399 2326 4434 omnes.
