3084 4938
1234 384 1653 432 PRAEFATIO.
2552 385 2627 430 IX

301 540 376 599 de
421 540 623 600 codice
671 542 740 600 Σ
775 539 1178 620 pendebamus
1224 541 1348 601 sere
1391 540 1534 602 solo.
1610 540 1719 612 Qui
1763 539 1917 601 liber
1960 559 2313 622 quamquam
2362 542 2625 604 omnium

301 642 476 720 longe
520 643 1087 720 praestantissimuS,
1150 661 1268 703 non
1315 651 1510 704 tamen
1558 642 1631 702 ab
1678 642 1950 704 omnibus
1996 644 2133 704 viris
2179 643 2369 705 doctis
2415 643 2625 722 dignus

301 742 682 815 censebatur,
750 763 927 824 quem
1001 743 1277 806 vocabula
1347 747 1719 806 omittentem
1770 763 2172 825 sequeremur.
2263 746 2466 826 Neque
2540 753 2631 805 est

301 865 518 908 vacuus
562 846 794 908 mendis
841 864 1030 927 neque
1075 865 1219 926 quas
1262 848 1534 927 primitus
1564 846 1853 908 habuerat
1880 847 2163 908 lectiones
2192 848 2461 925 integrae
2492 855 2630 907 sunt

301 967 540 1018 omme,
600 948 703 1008 sed
761 947 944 1010 multa
998 950 1078 1009 ita
1135 966 1372 1019 erasae,
1430 955 1498 1009 ut
1558 947 1715 1010 nulla
1772 949 1897 1009 acie
1943 957 2393 1030 cognoscantur.
2482 948 2625 1010 lude

250 1035 254 1040 ⁸
302 1051 378 1112 ad
422 1051 534 1112 hoc
578 1069 764 1131 usque
809 1057 1041 1130 tempus
1084 1068 1298 1128 magna
1343 1050 1416 1111 de
1449 1052 1575 1110 eius
1604 1052 1951 1111 auctoritate
1982 1053 2400 1113 controversia.
2459 1051 2629 1112 Nunc

303 1170 444 1212 vero
489 1153 770 1232 contigit,
831 1158 930 1223 ut,
990 1171 1171 1232 quum
1229 1152 1779 1222 RehdantziuS,
1827 1153 2197 1214 acutissimus
2243 1154 2357 1222 vir,
2415 1152 2627 1214 Demo·

303 1254 530 1314 sthenis
575 1261 634 1316 et
693 1254 766 1315 de
822 1259 1010 1314 aetate
1056 1253 1350 1315 narranda
1410 1261 1468 1314 et
1523 1261 1649 1314 arte
1694 1256 1952 1317 oratoria
1996 1254 2346 1334 exponenda
2392 1262 2453 1314 et
2496 1273 2627 1315 ora-

309 1355 566 1416 tionibus
610 1355 1073 1436 interpretandis
1115 1355 1370 1416 maxime
1417 1357 1689 1426 merituS,
1738 1355 1811 1416 ad
1856 1357 2069 1417 seriem
2104 1356 2375 1418 codicum
2406 1356 2627 1418 descri-

303 1465 542 1537 ptorum
586 1459 806 1518 rectius
849 1455 1292 1535 intelligendam
1325 1457 1498 1518 etiam
1539 1455 1685 1519 alios
1728 1476 1858 1520 esse
1904 1457 2325 1520 examinandos
2368 1461 2629 1520 monuis-

303 1565 418 1629 set,
479 1558 889 1620 Ferdinandus
943 1559 1312 1629 Schultzius,
1371 1559 1460 1618 vir
1516 1557 1889 1621 doctissimus
1954 1567 2128 1640 atque
2183 1561 2327 1622 artis
2390 1561 2632 1622 criticae

301 1661 724 1740 peritissimuS‚
771 1658 1106 1720 Florentiae
1151 1659 1375 1740 aliquot
1418 1660 1652 1722 codices
1696 1662 2091 1732 examinaret,
2138 1663 2199 1722 in
2245 1659 2458 1741 quibus
2500 1661 2629 1722 feli-

304 1763 536 1823 cissime
580 1763 1040 1823 Laurentianum
1088 1761 1319 1823 Saeculi
1363 1761 1537 1833 xllli,
1586 1761 1725 1823 olim
1773 1762 2231 1824 Benedictorum
2276 1763 2344 1822 B.
2391 1763 2629 1833 Mariae,

303 1881 480 1942 quem
524 1864 586 1924 in
631 1865 834 1925 notitia
883 1863 1152 1924 codicum
1197 1863 1522 1925 secundum
1568 1863 2088 1925 Montesalconium
2133 1882 2192 1943 p.
2238 1867 2364 1930 266
2408 1863 2630 1924 indica-

305 1963 532 2027 bamus.
621 1965 688 2026 ln
754 1967 1145 2027 Laurentiana
1217 1964 1577 2028 bibliotheca
1642 1984 1799 2026 nunc
1870 1967 1922 2026 is
1996 1965 2181 2026 codex
2249 1972 2632 2027 conservatur

303 2064 454 2128 Plut.
502 2065 624 2127 LVl
668 2066 969 2147 Supplem.
1017 2067 1295 2128 fasciculo
1343 2067 1420 2129 lX
1463 2068 1565 2129 Ν·’ο
1618 2057 1736 2135 13Β
1786 2065 1944 2147 (olim
1993 2069 2113 2144 49).
2173 2068 2629 2129 Accuratis'sime

305 2187 374 2227 ac
436 2169 840 2247 copiosissime
894 2168 995 2229 ille
1051 2169 1150 2229 Dr.
1212 2168 1542 2231 Schultzius
1618 2169 1885 2230 codicem
1960 2169 2275 2249 descripsit
2346 2167 2631 2248 singulari

304 2268 503 2330 libello
551 2270 673 2332 ‘De
717 2269 1020 2331 codicibus
1076 2269 1423 2350 quibusdam
1473 2270 1943 2332 Demosthenicis
2002 2270 2074 2332 ad
2120 2272 2447 2331 orationem
2492 2271 2628 2332 Phi-

306 2369 582 2450 lippicam
627 2372 706 2433 lll
751 2372 1014 2434 nondum
1062 2372 1384 2434 adhibitis?
1445 2372 1713 2434 Berolini
1756 2374 1815 2434 in
1864 2373 2179 2452 Gymnasio
2226 2371 2631 2434 Fridericiano

307 2478 491 2540 1860.
579 2474 627 2535 Ε
685 2474 915 2535 mendis
970 2476 1198 2554 primae
1255 2493 1464 2536 manus
1517 2476 1735 2536 codicis
1794 2478 1891 2546 Σ,
1938 2493 2088 2555 quae
2131 2476 2195 2535 in
2238 2475 2633 2535 Laurentiano

307 2594 422 2636 non
471 2578 700 2645 insunt,
749 2577 961 2637 deinde
1009 2595 1040 2637 e
1087 2576 1318 2637 mendis
1359 2577 1590 2655 primae
1636 2596 1845 2639 manus
1873 2578 2283 2647 Laurentiani,
2330 2595 2481 2656 quae
2512 2592 2631 2637 non

303 2680 508 2738 insunt
551 2680 610 2738 in
647 2680 737 2747 Σ,
785 2687 906 2740 tum
954 2697 1026 2739 ex
1071 2676 1380 2739 amborum
1429 2678 1853 2758 discrepantia,
1904 2678 2159 2758 denique
2204 2697 2275 2739 ex
2322 2678 2630 2740 amborum

312 2780 630 2840 concordia
663 2781 836 2841 etiam
867 2781 930 2840 in
963 2781 1194 2841 omissis
1226 2780 1522 2843 vocabulis
1554 2781 1841 2852 efficitur,
1886 2780 1947 2841 id
1977 2779 2136 2860 quod
2168 2779 2267 2841 Dr.
2302 2777 2633 2840 Schultzius

305 2882 636 2942 rectissime
679 2883 934 2952 monuit,
981 2889 1048 2943 ut
1089 2879 1240 2942 liber
1269 2881 1419 2943 alter
1466 2900 1536 2942 ex
1582 2882 1770 2943 altero
1818 2900 1937 2943 non
1982 2883 2059 2943 sit
2102 2882 2464 2961 descriptus,
2513 2900 2633 2942 non

305 2985 575 3062 proxime
634 3002 704 3044 ex
760 2985 890 3063 ipso
944 2985 1278 3063 antiquiore
1336 2986 1406 3045 Σ
1455 2982 1609 3044 liber
1654 2985 2110 3053 Laurentianus,
2172 3001 2292 3044 non
2333 3002 2444 3062 per
2488 2981 2634 3043 alios

305 3084 530 3146 medios
562 3084 716 3145 illius
747 3103 932 3165 nepos
961 3086 1066 3154 sit,
1099 3085 1200 3145 sed
1233 3092 1297 3145 ut
1326 3104 1398 3147 ex
1427 3086 1637 3147 iisdem
1670 3084 1993 3147 maioribus
2024 3083 2197 3147 ambo
2229 3085 2465 3145 oriundi
2495 3087 2631 3145 sint.

473 3204 869 3265 Rehdantzius
923 3211 1117 3266 autem
1179 3212 1381 3265 noster
1425 3204 1538 3265 bac
1582 3222 1648 3264 re
1694 3214 2036 3283 perspecta.
2084 3222 2201 3283 qua
2244 3212 2336 3264 est
2377 3206 2630 3264 strenui·

308 3313 453 3375 tate,
509 3308 572 3366 in
627 3304 850 3367 ltaliam
895 3306 1194 3386 profectus
1248 3305 1407 3368 haud
1464 3314 1813 3367 cunctanter
1869 3314 1928 3366 et
1970 3304 2287 3366 Mediolani
2330 3304 2403 3365 ad
2450 3303 2634 3365 libros

305 3406 526 3487 aliquot
578 3407 954 3469 excudendos
1009 3414 1434 3478 commoratuS,
1499 3408 1835 3469 Florentiae
1905 3425 2023 3467 non
2085 3405 2278 3467 solum
2336 3412 2630 3475 accurate,

305 3510 408 3570 sed
454 3510 672 3570 mirum
715 3510 778 3569 in
821 3510 1060 3570 modum
1107 3511 1278 3571 anxie
1335 3517 1394 3571 et
1446 3512 1637 3589 perite
1682 3512 1743 3569 in
1789 3528 1988 3570 meum
2034 3527 2203 3570 usum
2252 3508 2631 3569 Laurentiani

304 3610 458 3671 illins
513 3612 856 3672 varietatem
915 3611 986 3671 ad
1050 3613 1347 3673 orationes
1392 3611 1466 3673 de
1512 3630 1732 3672 corona
1778 3618 1837 3673 et
1881 3610 1955 3671 de
2000 3610 2143 3672 salsa
2188 3608 2481 3689 legatione
2527 3609 2627 3671 de-

306 3714 557 3791 scripsit.
649 3712 713 3773 ln
758 3732 874 3792 quo
921 3714 1157 3791 negotio
1203 3712 1560 3775 absolvendo
1592 3714 1988 3775 Rehdantzius
2032 3730 2395 3792 magnopere
2437 3711 2635 3773 laudat

309 3813 730 3875 humanitatem
765 3816 1000 3876 Aemilii
1035 3816 1225 3876 Tezae
1267 3822 1388 3877 tum
1420 3816 1851 3876 Laurentianae
1883 3813 2285 3876 Bibliothecae
2327 3814 2631 3893 praefecti,

308 3918 468 3977 cuius
507 3916 767 3977 acumini
808 3935 1022 3977 novum
1067 3934 1314 3977 examen
1355 3916 1667 3977 dubiorum
1722 3916 1946 3995 aliquot
1997 3916 2262 3977 locorum
2320 3916 2630 3978 debemus:

308 4085 436 4145 Cor.
471 4085 627 4165 §.91
666 4092 786 4147 not.
813 4090 896 4151 23
927 4086 1128 4148 LaurS
1160 4104 1278 4147 non
1312 4085 1552 4147 exhibet
1579 4042 1898 4166 θεωρῗάσ,
1931 4086 2035 4148 sed
2066 4042 2343 4165 δωρῗὰσ.
2382 4122 2460 4130 ——
2488 4086 2631 4146 ibid.

309 4194 423 4247 not.
457 4192 538 4255 29
576 4188 671 4248 hic
700 4187 886 4248 codex
919 4186 1096 4249 habet
1125 4208 1196 4269 pr
1228 4206 1360 4249 man
1396 4195 1460 4249 ut
1487 4188 1661 4267 vulgo
1692 4188 1785 4249 τῶ
1816 4182 2151 4267 avenacium,
2186 4205 2305 4246 non
2336 4179 2463 4257 τώς
2491 4198 2633 4246 στε-

309 4282 550 4365 φάνως.
641 4287 761 4349 Illis
815 4292 1169 4369 comparatis
1213 4290 1496 4351 docemur
1537 4292 1601 4349 in
1658 4290 1749 4350 his
1794 4290 2030 4369 quidem
2078 4286 2439 4349 orationibus
2483 4288 2633 4350 Lau·

307 4391 636 4451 rentianum
684 4408 819 4452 cum
867 4393 938 4453 Σ
973 4409 1148 4453 manu
1195 4394 1555 4453 correctrice
1599 4393 1837 4475 antiqua
1884 4398 1943 4451 et
1987 4409 2120 4454 cum
2168 4388 2431 4450 eiusdem
2476 4410 2631 4455 mar·
