3084 4938
488 304 611 371 548
962 323 1399 369 nnuosrnems
1432 326 1532 369 013.
1565 326 1650 369 nn
1680 324 1882 371 mess
1909 324 2300 371 munione,

490 470 599 548 το2
636 470 875 548 τοῦθ’3
909 468 1113 549 οὗτοι.
1168 482 1264 573 τῷ
1300 488 1614 575 Φιλίππῳ
1653 477 1743 571 δ’,
1771 479 2002 569 ἐπειδὴ
2037 476 2228 551 ταῦτ’
2271 488 2366 561 εἰς
2400 475 2596 561 τούς4
2633 486 2790 570 αἰχ-

491 577 835 669 μαλώτους
903 576 1136 668 ἠξίουν
1192 577 1399 653 αὐτὸν
1466 578 1889 653 vival-laxast
1951 582 2114 670 ἐγώ,
2185 579 2342 652 οὔτε
2396 576 2790 652 κατειπειῖέιῧ5

489 678 747 753 τούτων
796 680 973 771 εἶχεν
1016 686 1253 773 καλῶς,
1300 678 1483 755 οὔτ’7
1530 692 1750 755 εἰπεῖν
1793 682 1894 755 ὅτι
1931 680 2150 754 ’ἀλλ’ιὶἰ
2199 691 2467 773 ἔχουσιν
2499 679 2538 753 ὁ
2577 689 2789 753 δεῖνα

355 798 459 849 394
492 784 604 852 καὶ
649 778 685 853 ὁ
737 780 979 873 Cerva:
1026 780 1180 855 οὔτε
1228 780 1508 875 ‹puy-sest
1567 783 1942 876 τάνάλωμα.
2017 781 2400 875 ὡμολόγησε
2434 779 2621 876 μὲνιο
2658 784 2779 873 δή,

496 884 927 976 διεκρούσατο
966 882 1034 956 δ’
1073 894 1168 969 εἰς
1201 884 1283 957 τὰ
1316 886 1768 977 Παναθήναια
1805 882 2080 977 φήσας11
2120 884 2556 977 ἀποπέμψειν.
2645 888 2784 957 Λέ-

490 1087 740 1161 Philippo
783 1106 950 1161 quum
992 1106 1095 1161 ego
1137 1098 1410 1164 peterem,
1456 1098 1517 1146 ut
1559 1106 1674 1147 eam
1718 1093 1997 1165 pecuniam
2043 1093 2096 1147 in
2137 1092 2381 1166 captivos
2412 1088 2780 1164 impenderet:

491 1180 859 1247 opportunum
893 1173 971 1229 illi
1004 1176 1109 1231 suit
1150 1192 1328 1249 neque
1358 1178 1497 1231 istos
1526 1176 1763 1250 prodere
1795 1191 1972 1249 neque
2001 1176 2178 1233 dicere
2208 1176 2358 1232 illum
2391 1174 2472 1229 vel
2501 1174 2654 1230 illuni
2685 1192 2784 1230 ac·

489 1258 699 1331 cepisse
741 1273 921 1331 neque
958 1259 1259 1333 impensam
1304 1260 1513 1333 sugere.
1573 1276 1830 1317 assensus
1873 1270 1958 1317 est
2001 1262 2198 1333 igitur,
2239 1260 2336 1317 sed
2375 1260 2566 1321 elusit,
2608 1275 2670 1314 se
2699 1259 2776 1315 ad

382 1546 389 1553 ,
624 1490 678 1555 2)
720 1490 933 1540 ‘Malim
973 1483 1115 1552 πρὸς
1152 1480 1394 1550 ἔαυτοῦς
1432 1490 1836 1558 ὃιενει’μαντο.’
1897 1492 2243 1543 Reiskius.
2309 1491 2575 1558 ‘Vulgata
2613 1495 2772 1541 reete

486 1573 690 1637 ha‘bet,
749 1576 893 1641 quod
941 1578 1059 1641 ipse
1116 1576 1375 1627 Reiskius
1430 1578 1545 1627 ind.
1595 1576 1686 1627 Gr.
1733 1592 1777 1626 s.
1815 1593 1867 1628 v.
1917 1574 2128 1639 Προςδ.
2175 1576 2464 1626 intellexit.
2535 1576 2770 1627 Sensum

486 1667 701 1725 praeter
737 1661 1031 1726 pecuniam
1069 1660 1301 1727 singulis
1340 1662 1542 1724 datam,
1583 1660 1726 1709 hanc
1763 1678 1958 1727 quoque
1994 1662 2051 1710 in
2087 1676 2370 1711 commune
2406 1659 2647 1710 oblatam
2685 1660 2770 1708 in·

488 1749 576 1794 ter
611 1759 669 1794 ee
706 1746 902 1811 partiti
937 1743 1103 1795 sunt.’
1176 1744 1389 1795 Schao
1405 1746 1614 1795 ferus.
1755 1744 1806 1809 3)
1845 1743 1998 1795 τοῦθ
2043 1762 2128 1795 om
2163 1744 2314 1809 vulg.
2351 1772 2414 1780 —
2453 1744 2659 1793 habent
2695 1742 2768 1793 Σ.

490 1828 696 1883 Laui-S.
835 1829 887 1891 4)
950 1822 1082 1887 τοὺς
1120 1846 1208 1880 om
1242 1826 1322 1883 Ω.
1360 1830 1411 1879 F
1441 1830 1573 1893 (non
1609 1830 1802 1893 Bav‘?).
1843 1829 1908 1879 Φ.
1949 1838 1984 1882 t.
2020 1846 2085 1895 pr
2109 1830 2180 1880 Π.
2321 1828 2374 1893 5)
2435 1818 2770 1879 ἀναλίσκειν

489 1902 667 1964 αὖτὸν
701 1913 875 1977 Augl.
912 1914 963 1964 Ιι.
990 1931 1037 1964 r.
1066 1930 1111 1964 s.
1233 1912 1286 1977 6)
1322 1914 1664 1966 καταλιπεῖν
1698 1914 1922 1968 IndAld.
1960 1931 2027 1978 γρ
2053 1914 2205 1964 Aldv
2239 1914 2392 1963 linea
2429 1912 2680 1981 deletum.
2718 1927 2767 1961 r.

488 1996 541 2057 7)
578 1986 707 2047 οὐδ’
743 1995 865 2045 Ald.
904 1996 1024 2047 Fel.
1062 1994 1143 2049 Ω.
1172 1998 1229 2047 F.
1260 1996 1324 2049 Φ.
1365 2006 1399 2047 t.
1424 2016 1474 2051 u.
1499 2016 1545 2049 v.
1585 2024 1648 2033 —-
1684 1988 1813 2049 οὔτ’
1837 1998 1905 2049 Σ.
1931 1998 2139 2048 LaurS.
2175 1997 2324 2065 vulg.
2378 1996 2626 2048 ‘Periodi
2659 1996 2766 2046 duo

488 2085 618 2130 sunt
641 2080 911 2129 membra:
950 2070 1081 2131 οὔτε
1106 2082 1400 2132 κατειπεῖν
1428 2088 1482 2133 ει
1506 2070 1639 2133 οὔτε
1666 2084 1877 2148 φυγεῖν
1900 2075 1964 2132 τὸ
1988 2072 2153 2132 οἷνοῖλ.
2191 2082 2349 2144 Quod
2384 2082 2767 2147 interpositum

490 2168 575 2215 est
610 2154 746 2213 οὐδ’
787 2158 973 2215 εἰπεῖν
1010 2202 1023 2213 .
1054 2200 1065 2214 .
1095 2200 1108 2215 .
1148 2161 1245 2215 καὶ
1282 2156 1313 2215 ὁ
1352 2164 1535 2225 δεῖνα,
1574 2168 1744 2232 priori
1781 2168 2082 2218 substitues
2119 2167 2277 2231 quasi
2313 2167 2767 2231 interpretamen-

488 2246 639 2298 tum.’
710 2248 1067 2313 Taylorus.
1142 2250 1281 2300 ‘Cur
1325 2240 1457 2302 οὔτε
1496 2288 1509 2301 .
1536 2288 1550 2302 .
1581 2287 1594 2301 .
1631 2240 1768 2303 οὐδὲ
1803 2257 2066 2318 ponatur,
2114 2252 2315 2301 idonea
2353 2266 2524 2300 causa
2557 2250 2762 2299 subest.

487 2334 663 2398 Atque
700 2333 931 2399 primum
968 2335 1187 2400 quidem
1222 2335 1345 2402 ipsa
1382 2336 1745 2387 conformatio
1773 2338 2085 2387 sententiae
2111 2334 2256 2385 hune
2293 2334 2506 2385 modum
2543 2333 2765 2383 dicendi

490 2418 795 2484 efflagitat,
836 2420 1050 2485 quando
1088 2421 1384 2486 partitione
1422 2438 1520 2488 per
1558 2410 1688 2474 οὔτε
1727 2460 1740 2474 .
1770 2456 1782 2471 .
1813 2456 1825 2471 .
1864 2408 1996 2472 οὔτε
2034 2420 2214 2484 facta,
2255 2418 2509 2469 alterutri
2545 2423 2766 2469 senten-

486 2505 601 2554 tiae
652 2504 767 2554 alia
817 2505 1121 2556 enuntiatio
1172 2505 1520 2572 subiungitur
1575 2513 1728 2556 extra
1783 2507 2137 2570 partitionem
2191 2505 2392 2570 posita.
2461 2520 2586 2554 nam
2623 2502 2766 2568 quod

489 2587 821 2640 affirmative
860 2589 1026 2640 dicis:
1086 2578 1126 2655 ἥ
1160 2604 1219 2640 τε
1256 2582 1365 2654 γὰρ
1404 2588 1612 2640 Πυθία
1647 2585 1867 2639 κελεύει
1905 2580 1940 2639 ὅ
1972 2603 2032 2638 τε
2071 2581 2381 2653 Σωκράτης
2416 2593 2597 2650 ποιεῖ,
2633 2579 2765 2656 τούς

487 2663 555 2722 δὲ
591 2671 668 2740 μὴ
707 2673 1017 2732 ποιοῦντας
1052 2667 1220 2738 ψέγει
1260 2671 1357 2738 (ef.
1395 2673 1642 2738 Xenoph.
1681 2674 1905 2722 Memor.
1943 2673 1984 2734 Ι,
2013 2672 2061 2733 3,
2101 2673 2171 2736 1),
2211 2689 2320 2724 non
2354 2667 2485 2730 τούς
2520 2687 2597 2735 τε,
2636 2673 2767 2736 quia.

487 2757 738 2820 duorum,
788 2774 897 2807 non
939 2757 1101 2806 trium
1148 2757 1509 2808 membrorum
1547 2757 1770 2821 partitio
1809 2763 1920 2820 est,
1961 2759 2016 2806 id
2053 2759 2317 2822 negative
2352 2756 2640 2808 dicendum
2679 2760 2766 2805 est

485 2829 616 2890 οὔτε
663 2834 771 2906 γὰρ
817 2831 854 2906 ἡ
892 2837 964 2890 Π.
1016 2841 1130 2895 κελ.
1179 2829 1308 2891 οὔτε
1345 2830 1375 2891 ὁ
1412 2841 1479 2891 Σ.
1518 2843 1684 2908 ποιεῖ’
1727 2831 1892 2892 ου’δὲ
1944 2833 2076 2900 τοὺς
2130 2847 2238 2892 etc.
2308 2841 2470 2891 Plato
2509 2842 2673 2906 Gorg.
2709 2856 2760 2904 p.

478 2922 587 2973 ‘500
610 2925 682 2974 B:
727 2917 868 2990 μήτε
915 2914 1088 2982 αὐτὸς
1134 2928 1243 2974 ειε.
1289 2913 1433 2988 μηδ’
1470 2912 1503 2973 ὅ
1548 2941 1602 2974 τι
1647 2912 1723 2974 εἶν
1760 2929 1864 2978 ete.
1904 2919 2046 2992 μήτε
2084 2910 2158 2975 αὖ
2198 2930 2302 2976 ειε.
2343 2925 2473 2989 duo,
2511 2940 2618 2974 non
2655 2925 2763 2973 tria.

486 3012 643 3057 vetat
696 3012 803 3057 etc.
876 3009 941 3057 In
994 3009 1153 3058 Dem.
1192 3009 1231 3058 f.
1268 3008 1379 3075 leg.
1418 3025 1471 3075 p.
1510 3008 1626 3072 393,
1666 3007 1732 3058 28
1785 3009 1941 3060 bonis
1997 3011 2151 3060 codd.
2191 3009 2597 3074 obsequendum
2652 3015 2760 3058 est:

485 3079 613 3142 οὔτε
658 3095 955 3143 κατειπεῖν
992 3129 1005 3144 .
1035 3128 1047 3141 .
1076 3130 1088 3142 .
1127 3081 1280 3144 οὐδ’
1318 3087 1505 3144 εἰπεῖν
1553 3099 1661 3144 ειε.
1733 3094 1874 3144 Ibid.
1929 3112 1979 3161 p.
2028 3094 2151 3156 354,
2199 3093 2266 3143 25
2312 3095 2360 3154 ἓ.
2397 3093 2464 3145 43
2508 3093 2763 3144 Bekkero

484 3180 738 3226 monente
776 3177 1129 3228 scribendum
1167 3182 1251 3227 est
1286 3169 1419 3229 οὐδ’
1454 3169 1732 3245 ἤλπισεν.’
1803 3179 2152 3229 Frankius
2187 3178 2272 3228 De
2308 3180 2485 3228 Par-tt.
2523 3179 2759 3243 Negant.

484 3261 545 3311 P.
584 3261 638 3310 11
676 3279 728 3326 p.
771 3261 835 3311 14
871 3277 951 3328 sq.
1024 3263 1209 3314 Secuti
1267 3279 1509 3328 eramus,
1568 3265 1734 3314 etiam
1790 3279 1963 3328 nuper
2013 3262 2302 3317 Bekketus
2348 3252 2488 3313 οὐδὲ
2533 3263 2759 3326 recepit.

482 3345 555 3395 At
607 3345 717 3399 vid.
757 3347 825 3396 ad
864 3345 1085 3412 Olynth.
1134 3347 1191 3398 11
1244 3349 1290 3409 §.
1334 3347 1395 3398 16
1431 3348 1564 3413 ibiq.
1627 3348 1924 3413 Sauppium
1981 3352 2036 3398 et
2088 3347 2154 3396 nd
2209 3347 2544 3412 superiorem
2595 3349 2642 3408 ξ.
2679 3345 2763 3398 43.

485 3431 637 3480 Adde
662 3431 902 3482 Ellendt.
929 3433 1064 3483 Lex.
1093 3431 1255 3497 Soph.
1277 3447 1321 3482 e.
1347 3447 1397 3482 v.
1438 3423 1587 3484 Οὔτε
1622 3449 1675 3499 p.
1700 3433 1817 3485 444.
1866 3433 1941 3482 Ut
1975 3437 2159 3498 potest
2193 3437 2377 3482 orator
2411 3431 2624 3481 dicere:
2662 3426 2762 3480 καὶ

485 3519 757 3567 κατεῖπεν
800 3508 1017 3567 τούτων
1062 3513 1159 3566 καὶ
1198 3507 1360 3566 εἶπεν
1397 3504 1483 3567 ὅτι
1523 3524 1628 3570 ειε.
1667 3513 1766 3567 καὶ
1804 3509 1980 3582 ἔφυγε
2016 3505 2351 3582 τάνάλωμα,
2389 3514 2598 3581 tripiici
2635 3530 2760 3580 par-

484 3600 697 3662 titione,
738 3601 820 3651 sic
856 3601 1117 3666 negative
1156 3588 1283 3650 οὔτε
1310 3635 1321 3648 .
1353 3637 1365 3650 .
1394 3635 1407 3650 .
1435 3590 1567 3651 οὔτε
1595 3639 1606 3652 .
1638 3638 1649 3650 .
1678 3639 1690 3652 .
1719 3589 1867 3663 οὔτε,
1907 3605 2004 3650 aut
2037 3592 2386 3658 ἀσυνὸἐτωςε
2425 3591 2492 3651 οὗ
2527 3601 2760 3650 κατεῖπε

482 3675 723 3744 τούτων,
779 3673 882 3735 οὐκ
932 3678 1094 3735 εἶπεν
1138 3676 1223 3734 ὅτι
1262 3691 1397 3746 ειε.,
1448 3674 1555 3735 οὐκ
1623 3679 1799 3752 ἔφυγε
1850 3702 1898 3737 τ.
1967 3683 2072 3735 1110
2130 3685 2288 3735 modo
2326 3686 2504 3751 magis
2537 3700 2761 3734 numero

484 3767 701 3832 quidem
750 3771 805 3818 et
852 3769 1220 3819 concinnitati
1264 3774 1449 3820 orator
1492 3769 1693 3833 servit,
1743 3768 1838 3820 sed
1883 3758 2022 3819 οὐδὲ
2066 3783 2164 3834 pro
2203 3769 2379 3819 medio
2416 3757 2546 3820 οὔτε
2583 3769 2762 3834 mag-is

482 3852 717 3903 rationis
756 3867 821 3901 ac
858 3851 1077 3918 logicae
1116 3853 1252 3903 artis
1288 3853 1579 3905 severitati
1615 3855 1943 3920 respondere
1981 3853 2213 3904 videtur.
2289 3853 2395 3904 Sed
2429 3846 2643 3904 τούτων
2679 3853 2759 3902 in-

481 3935 785 4002 telligimus
840 3943 1125 3987 cunctos
1177 3937 1394 4003 legatos
1446 3940 1686 4004 pecunia
1741 3943 2044 4004 corruptos;
2099 3927 2128 3986 ὁ
2179 3935 2344 3988 δεῖνα
2388 3935 2488 3990 καὶ
2521 3928 2554 3988 ὁ
2591 3934 2760 3988 δεῖνα

482 4025 612 4072 eunt
635 4019 859 4086 singuli.
909 4021 1094 4083 Quare
1132 4012 1266 4073 οὐδ’
1305 4016 1493 4072 εἰπεῖν
1527 4023 1818 4072 Dobraeus
1853 4021 2127 4088 praefert,
2169 4020 2307 4071 ‘nisi
2343 4021 2611 4072 delendae
2648 4023 2760 4070 sint

482 4105 627 4156 istae
685 4106 883 4157 voces?
988 4104 1042 4171 8)
1112 4097 1241 4156 ἄλλ’
1300 4106 1471 4160 AldV.
1575 4106 1629 4170 9)
1702 4101 1939 4172 φεύγειν
1997 4107 2047 4155 F
2098 4105 2242 4168 (non
2299 4106 2507 4168 Bav?).
2567 4104 2631 4155 Φ.
2689 4131 2758 4139 —-

528 4185 593 4241 εὖ
630 4190 952 4256 compendio
990 4207 1040 4240 m
1078 4207 1171 4241 see

485 4263 695 4324 φυγεῖν
729 4258 936 4310 LaurS.
1080 4257 1161 4322 10)
1220 4248 1557 4324 ὡμολόγησα
1593 4251 1698 4324 μὲν
1732 4275 1774 4308 s.
1816 4285 1879 4294 -
1921 4249 2363 4325 ὡμολογήσαμεν
2397 4257 2569 4324 Aug-l.
2605 4275 2653 4307 r.
2690 4281 2752 4292 -——

481 4331 804 4412 ὦμολογησε
841 4331 871 4392 ὃ
906 4335 1013 4408 μὲν
1048 4343 1207 4393 Paul.
1346 4342 1431 4405 11)
1469 4337 1657 4408 φήσας
1695 4359 1778 4393 om
1815 4361 1862 4396 r.
