<?xml version="1.0" encoding="UTF-8"?>
<!DOCTYPE html PUBLIC "-//W3C//DTD XHTML 1.0 Transitional//EN"
    "http://www.w3.org/TR/xhtml1/DTD/xhtml1-transitional.dtd">
<html xmlns="http://www.w3.org/1999/xhtml" xml:lang="en" lang="en">
 <head>
  <title>
</title>
<meta http-equiv="Content-Type" content="text/html;charset=utf-8" />
  <meta name='ocr-system' content='tesseract 3.04.00' />
  <meta name='ocr-capabilities' content='ocr_page ocr_carea ocr_par ocr_line ocrx_word'/>
</head>
<body>
  <div class='ocr_page' id='page_1' title='image "./decoronaetdefal00voemgoog_0405.png"; bbox 0 0 3084 4938; ppageno 0'>
   <div class='ocr_carea' id='block_1_1' title="bbox 453 1296 2448 1383">
    <p class='ocr_par' dir='ltr' id='par_1_1' title="bbox 453 1296 2448 1383">
     <span class='ocr_line' id='line_1_1' title="bbox 453 1296 2448 1383; baseline 0.003 -22"><span class='ocrx_word' id='word_1_1' title='bbox 453 1296 926 1363; x_wconf 84' lang='lat' dir='ltr'><strong>EXCURSUS</strong></span> <span class='ocrx_word' id='word_1_2' title='bbox 970 1297 1101 1362; x_wconf 92' lang='lat' dir='ltr'><strong>AD</strong></span> <span class='ocrx_word' id='word_1_3' title='bbox 1144 1297 1650 1363; x_wconf 83' lang='lat' dir='ltr'><strong>EPIGRAMM.</strong></span> <span class='ocrx_word' id='word_1_4' title='bbox 1695 1300 1812 1365; x_wconf 87' lang='lat' dir='ltr'><strong>Vs.</strong></span> <span class='ocrx_word' id='word_1_5' title='bbox 1863 1308 1902 1369; x_wconf 90' lang='lat'><strong>3</strong></span> <span class='ocrx_word' id='word_1_6' title='bbox 1948 1300 2144 1383; x_wconf 85' lang='lat' dir='ltr'>COR.</span> <span class='ocrx_word' id='word_1_7' title='bbox 2192 1306 2254 1381; x_wconf 63' lang='grc' dir='ltr'><strong>ἓ.</strong></span> <span class='ocrx_word' id='word_1_8' title='bbox 2299 1310 2448 1373; x_wconf 83' lang='grc'><strong>289.</strong></span> 
     </span>
    </p>
   </div>
   <div class='ocr_carea' id='block_1_2' title="bbox 1250 1486 1652 1495">
    <p class='ocr_par' dir='ltr' id='par_1_2' title="bbox 1250 1486 1652 1495">
     <span class='ocr_line' id='line_1_2' title="bbox 1250 1486 1652 1495; baseline 0 3443"><span class='ocrx_word' id='word_1_9' title='bbox 1250 1486 1652 1495; x_wconf 95' lang='lat' dir='ltr'><strong> </strong></span> 
     </span>
    </p>
   </div>
   <div class='ocr_carea' id='block_1_3' title="bbox 252 1626 2596 3142">
    <p class='ocr_par' dir='ltr' id='par_1_3' title="bbox 252 1626 2596 3142">
     <span class='ocr_line' id='line_1_3' title="bbox 418 1626 2589 1705; baseline 0.003 -16"><span class='ocrx_word' id='word_1_10' title='bbox 418 1638 563 1689; x_wconf 86' lang='lat' dir='ltr'><strong>Nota</strong></span> <span class='ocrx_word' id='word_1_11' title='bbox 592 1637 674 1704; x_wconf 87' lang='lat'><strong>13)</strong></span> <span class='ocrx_word' id='word_1_12' title='bbox 709 1635 1067 1705; x_wconf 69' lang='grc' dir='ltr'><strong><em>μαρνάμενοι</em></strong></span> <span class='ocrx_word' id='word_1_13' title='bbox 1106 1626 1166 1689; x_wconf 84' lang='grc' dir='ltr'><strong>δ’</strong></span> <span class='ocrx_word' id='word_1_14' title='bbox 1202 1628 1409 1705; x_wconf 69' lang='grc' dir='ltr'><strong><em>ἀρετῆς</em></strong></span> <span class='ocrx_word' id='word_1_15' title='bbox 1442 1635 1545 1689; x_wconf 75' lang='grc' dir='ltr'><strong>καὶ</strong></span> <span class='ocrx_word' id='word_1_16' title='bbox 1581 1637 1851 1705; x_wconf 76' lang='grc' dir='ltr'><strong><em>δείματος</em></strong></span> <span class='ocrx_word' id='word_1_17' title='bbox 1877 1656 2064 1693; x_wconf 87' lang='lat' dir='ltr'><strong>omnes</strong></span> <span class='ocrx_word' id='word_1_18' title='bbox 2087 1641 2236 1705; x_wconf 80' lang='lat' dir='ltr'>libri,</span> <span class='ocrx_word' id='word_1_19' title='bbox 2262 1644 2589 1695; x_wconf 87' lang='lat' dir='ltr'><strong>Demosthe-</strong></span> 
     </span>
     <span class='ocr_line' id='line_1_4' title="bbox 314 1720 2584 1793; baseline 0.003 -21"><span class='ocrx_word' id='word_1_20' title='bbox 314 1721 449 1785; x_wconf 85' lang='lat' dir='ltr'><strong>nici,</strong></span> <span class='ocrx_word' id='word_1_21' title='bbox 474 1720 813 1773; x_wconf 73' lang='lat' dir='ltr'><strong>Scholion-um</strong></span> <span class='ocrx_word' id='word_1_22' title='bbox 844 1728 901 1774; x_wconf 91' lang='lat' dir='ltr'><strong>et</strong></span> <span class='ocrx_word' id='word_1_23' title='bbox 918 1722 1286 1789; x_wconf 79' lang='lat' dir='ltr'><strong>Anthologiae</strong></span> <span class='ocrx_word' id='word_1_24' title='bbox 1321 1724 1385 1774; x_wconf 86' lang='grc' dir='ltr'><strong>Τ.</strong></span> <span class='ocrx_word' id='word_1_25' title='bbox 1410 1724 1493 1775; x_wconf 85' lang='grc' dir='ltr'><strong>ΙΙΙ</strong></span> <span class='ocrx_word' id='word_1_26' title='bbox 1515 1741 1570 1790; x_wconf 86' lang='lat' dir='ltr'><strong>p.</strong></span> <span class='ocrx_word' id='word_1_27' title='bbox 1597 1724 1698 1774; x_wconf 84' lang='lat'><strong>284</strong></span> <span class='ocrx_word' id='word_1_28' title='bbox 1731 1726 1807 1775; x_wconf 86' lang='lat' dir='ltr'><strong>Br</strong></span> <span class='ocrx_word' id='word_1_29' title='bbox 1843 1725 1932 1789; x_wconf 82' lang='lat'><strong>(==</strong></span> <span class='ocrx_word' id='word_1_30' title='bbox 1954 1727 2020 1777; x_wconf 90' lang='grc' dir='ltr'><strong>Τ.</strong></span> <span class='ocrx_word' id='word_1_31' title='bbox 2045 1728 2118 1776; x_wconf 89' lang='lat' dir='ltr'><strong>1v</strong></span> <span class='ocrx_word' id='word_1_32' title='bbox 2153 1744 2206 1793; x_wconf 86' lang='lat' dir='ltr'><strong>p.</strong></span> <span class='ocrx_word' id='word_1_33' title='bbox 2231 1725 2332 1777; x_wconf 80' lang='lat'><strong>249</strong></span> <span class='ocrx_word' id='word_1_34' title='bbox 2354 1728 2495 1792; x_wconf 89' lang='lat' dir='ltr'><strong>Iac.)</strong></span> <span class='ocrx_word' id='word_1_35' title='bbox 2527 1734 2584 1780; x_wconf 88' lang='lat' dir='ltr'><strong>et</strong></span> 
     </span>
     <span class='ocr_line' id='line_1_5' title="bbox 316 1806 2592 1879; baseline 0.003 -22"><span class='ocrx_word' id='word_1_36' title='bbox 316 1806 479 1857; x_wconf 76' lang='lat' dir='ltr'><strong>Anth.</strong></span> <span class='ocrx_word' id='word_1_37' title='bbox 504 1807 691 1858; x_wconf 88' lang='lat' dir='ltr'><strong>Palat.</strong></span> <span class='ocrx_word' id='word_1_38' title='bbox 726 1808 791 1857; x_wconf 87' lang='lat' dir='ltr'><strong>T.</strong></span> <span class='ocrx_word' id='word_1_39' title='bbox 818 1808 874 1858; x_wconf 94' lang='lat'><strong>11</strong></span> <span class='ocrx_word' id='word_1_40' title='bbox 910 1824 962 1873; x_wconf 86' lang='lat' dir='ltr'><strong>p.</strong></span> <span class='ocrx_word' id='word_1_41' title='bbox 989 1806 1107 1860; x_wconf 87' lang='lat'>841.</span> <span class='ocrx_word' id='word_1_42' title='bbox 1180 1808 1288 1870; x_wconf 80' lang='lat' dir='ltr'><strong>Qui</strong></span> <span class='ocrx_word' id='word_1_43' title='bbox 1324 1809 1562 1874; x_wconf 84' lang='lat' dir='ltr'><strong>genitivi</strong></span> <span class='ocrx_word' id='word_1_44' title='bbox 1598 1809 1729 1859; x_wconf 90' lang='lat' dir='ltr'><strong>olim</strong></span> <span class='ocrx_word' id='word_1_45' title='bbox 1766 1809 2202 1876; x_wconf 73' lang='lat' dir='ltr'><strong>explicabantur,</strong></span> <span class='ocrx_word' id='word_1_46' title='bbox 2241 1812 2400 1877; x_wconf 88' lang='lat' dir='ltr'><strong>quasi</strong></span> <span class='ocrx_word' id='word_1_47' title='bbox 2434 1826 2592 1879; x_wconf 79' lang='lat' dir='ltr'><strong>prae-</strong></span> 
     </span>
     <span class='ocr_line' id='line_1_6' title="bbox 317 1885 2588 1961; baseline 0.003 -20"><span class='ocrx_word' id='word_1_48' title='bbox 317 1892 521 1956; x_wconf 83' lang='lat' dir='ltr'><strong>positio</strong></span> <span class='ocrx_word' id='word_1_49' title='bbox 556 1891 864 1957; x_wconf 87' lang='lat' dir='ltr'><strong>supplenda</strong></span> <span class='ocrx_word' id='word_1_50' title='bbox 901 1898 1066 1954; x_wconf 87' lang='lat' dir='ltr'><strong>esset,</strong></span> <span class='ocrx_word' id='word_1_51' title='bbox 1104 1886 1275 1944; x_wconf 75' lang='grc' dir='ltr'><strong><em>ἕνεκα</em></strong></span> <span class='ocrx_word' id='word_1_52' title='bbox 1313 1897 1409 1943; x_wconf 83' lang='lat' dir='ltr'><strong>aut</strong></span> <span class='ocrx_word' id='word_1_53' title='bbox 1442 1885 1604 1960; x_wconf 72' lang='grc' dir='ltr'><em>μετά,</em></span> <span class='ocrx_word' id='word_1_54' title='bbox 1643 1900 1704 1945; x_wconf 89' lang='lat' dir='ltr'><strong>ut</strong></span> <span class='ocrx_word' id='word_1_55' title='bbox 1727 1894 1976 1957; x_wconf 81' lang='lat' dir='ltr'><strong>Wolfius,</strong></span> <span class='ocrx_word' id='word_1_56' title='bbox 2015 1900 2110 1946; x_wconf 79' lang='lat' dir='ltr'><strong>aut</strong></span> <span class='ocrx_word' id='word_1_57' title='bbox 2145 1885 2290 1961; x_wconf 76' lang='grc' dir='ltr'><strong><em>ὖπέρ</em></strong></span> <span class='ocrx_word' id='word_1_58' title='bbox 2329 1901 2426 1947; x_wconf 82' lang='lat' dir='ltr'><strong>aut</strong></span> <span class='ocrx_word' id='word_1_59' title='bbox 2457 1888 2588 1959; x_wconf 78' lang='grc' dir='ltr'><strong><em>ὖπό,</em></strong></span> 
     </span>
     <span class='ocr_line' id='line_1_7' title="bbox 314 1966 2596 2048; baseline 0.002 -21"><span class='ocrx_word' id='word_1_60' title='bbox 314 1981 376 2027; x_wconf 86' lang='lat' dir='ltr'><strong>ut</strong></span> <span class='ocrx_word' id='word_1_61' title='bbox 408 1976 671 2027; x_wconf 84' lang='lat' dir='ltr'><strong>Reiskius</strong></span> <span class='ocrx_word' id='word_1_62' title='bbox 720 1976 915 2039; x_wconf 87' lang='lat' dir='ltr'><strong>(Indic.</strong></span> <span class='ocrx_word' id='word_1_63' title='bbox 954 1992 997 2027; x_wconf 88' lang='lat' dir='ltr'><strong>s.</strong></span> <span class='ocrx_word' id='word_1_64' title='bbox 1036 1994 1123 2029; x_wconf 85' lang='lat' dir='ltr'><strong>vv.</strong></span> <span class='ocrx_word' id='word_1_65' title='bbox 1158 1966 1341 2043; x_wconf 75' lang='grc' dir='ltr'><strong><em>Ἀρετή</em></strong></span> <span class='ocrx_word' id='word_1_66' title='bbox 1390 1982 1447 2028; x_wconf 88' lang='lat' dir='ltr'><strong>et</strong></span> <span class='ocrx_word' id='word_1_67' title='bbox 1478 1977 1688 2045; x_wconf 81' lang='grc' dir='ltr'><strong><em>Αῆμα).</em></strong></span> <span class='ocrx_word' id='word_1_68' title='bbox 1760 1979 1871 2038; x_wconf 77' lang='lat' dir='ltr'><strong>Alii</strong></span> <span class='ocrx_word' id='word_1_69' title='bbox 1915 1980 2192 2046; x_wconf 74' lang='lat' dir='ltr'><strong>genitivos</strong></span> <span class='ocrx_word' id='word_1_70' title='bbox 2227 1980 2596 2048; x_wconf 86' lang='lat' dir='ltr'><strong>perhibebant</strong></span> 
     </span>
     <span class='ocr_line' id='line_1_8' title="bbox 317 2050 2592 2128; baseline 0.004 -19"><span class='ocrx_word' id='word_1_71' title='bbox 317 2074 439 2111; x_wconf 87' lang='lat' dir='ltr'><strong>esse</strong></span> <span class='ocrx_word' id='word_1_72' title='bbox 492 2061 685 2126; x_wconf 87' lang='lat' dir='ltr'><strong>pretii,</strong></span> <span class='ocrx_word' id='word_1_73' title='bbox 746 2050 959 2126; x_wconf 69' lang='grc' dir='ltr'><strong><em>ἀρετήν</em></strong></span> <span class='ocrx_word' id='word_1_74' title='bbox 1016 2062 1397 2128; x_wconf 80' lang='lat' dir='ltr'><strong>intelligentes</strong></span> <span class='ocrx_word' id='word_1_75' title='bbox 1456 2063 1696 2115; x_wconf 80' lang='lat' dir='ltr'><strong>samam</strong></span> <span class='ocrx_word' id='word_1_76' title='bbox 1742 2065 1980 2117; x_wconf 81' lang='lat' dir='ltr'><strong>virtutis.</strong></span> <span class='ocrx_word' id='word_1_77' title='bbox 2053 2064 2210 2127; x_wconf 83' lang='lat' dir='ltr'><strong>Quod</strong></span> <span class='ocrx_word' id='word_1_78' title='bbox 2261 2065 2592 2118; x_wconf 84' lang='lat' dir='ltr'><strong>vocabulum</strong></span> 
     </span>
     <span class='ocr_line' id='line_1_9' title="bbox 317 2138 2592 2217; baseline 0.004 -23"><span class='ocrx_word' id='word_1_79' title='bbox 317 2146 567 2210; x_wconf 85' lang='lat' dir='ltr'><strong>quamvis</strong></span> <span class='ocrx_word' id='word_1_80' title='bbox 602 2146 682 2196; x_wconf 84' lang='lat' dir='ltr'><strong>sic</strong></span> <span class='ocrx_word' id='word_1_81' title='bbox 718 2152 1007 2213; x_wconf 71' lang='lat' dir='ltr'><strong>usurpetur</strong></span> <span class='ocrx_word' id='word_1_82' title='bbox 1044 2146 1400 2210; x_wconf 83' lang='lat' dir='ltr'><strong>(BkkAnecd.</strong></span> <span class='ocrx_word' id='word_1_83' title='bbox 1438 2164 1489 2214; x_wconf 85' lang='lat' dir='ltr'><strong>p.</strong></span> <span class='ocrx_word' id='word_1_84' title='bbox 1520 2146 1624 2199; x_wconf 77' lang='lat'><strong>443</strong></span> <span class='ocrx_word' id='word_1_85' title='bbox 1659 2153 1794 2199; x_wconf 85' lang='lat' dir='ltr'><strong>extr.</strong></span> <span class='ocrx_word' id='word_1_86' title='bbox 1831 2138 2039 2217; x_wconf 71' lang='grc' dir='ltr'><strong><em>Ἀρετή·</em></strong></span> <span class='ocrx_word' id='word_1_87' title='bbox 2073 2142 2397 2216; x_wconf 73' lang='grc' dir='ltr'><strong><em>Ἀνδοκίδης</em></strong></span> <span class='ocrx_word' id='word_1_88' title='bbox 2435 2150 2482 2215; x_wconf 93' lang='grc' dir='ltr'><strong>(Ι</strong></span> <span class='ocrx_word' id='word_1_89' title='bbox 2507 2152 2592 2213; x_wconf 88' lang='grc'><strong>55.</strong></span> 
     </span>
     <span class='ocr_line' id='line_1_10' title="bbox 252 2224 2590 2300; baseline 0.003 -22"><span class='ocrx_word' id='word_1_90' title='bbox 252 2248 261 2253; x_wconf 95' lang='grc'>·</span> <span class='ocrx_word' id='word_1_91' title='bbox 320 2229 415 2278; x_wconf 80' lang='grc'><strong>142</strong></span> <span class='ocrx_word' id='word_1_92' title='bbox 450 2228 553 2295; x_wconf 90' lang='lat' dir='ltr'><strong>sq.)</strong></span> <span class='ocrx_word' id='word_1_93' title='bbox 589 2226 689 2281; x_wconf 75' lang='grc' dir='ltr'><strong>καὶ</strong></span> <span class='ocrx_word' id='word_1_94' title='bbox 726 2226 1095 2297; x_wconf 77' lang='grc' dir='ltr'><strong><em>Θουκυδίδης</em></strong></span> <span class='ocrx_word' id='word_1_95' title='bbox 1130 2233 1193 2295; x_wconf 88' lang='grc' dir='ltr'><strong>(Ι,</strong></span> <span class='ocrx_word' id='word_1_96' title='bbox 1234 2231 1331 2283; x_wconf 80' lang='grc'><strong>123</strong></span> <span class='ocrx_word' id='word_1_97' title='bbox 1366 2234 1413 2295; x_wconf 70' lang='lat'><strong>§-</strong></span> <span class='ocrx_word' id='word_1_98' title='bbox 1446 2232 1468 2282; x_wconf 91' lang='lat' dir='ltr'><strong>l</strong></span> <span class='ocrx_word' id='word_1_99' title='bbox 1512 2238 1570 2283; x_wconf 88' lang='lat' dir='ltr'><strong>et</strong></span> <span class='ocrx_word' id='word_1_100' title='bbox 1593 2234 1798 2299; x_wconf 83' lang='lat' dir='ltr'><strong>passim</strong></span> <span class='ocrx_word' id='word_1_101' title='bbox 1825 2224 2034 2298; x_wconf 75' lang='grc' dir='ltr'><strong><em>αἱρεταί</em></strong></span> <span class='ocrx_word' id='word_1_102' title='bbox 2053 2235 2090 2286; x_wconf 90' lang='lat' dir='ltr'><strong>i.</strong></span> <span class='ocrx_word' id='word_1_103' title='bbox 2119 2251 2170 2300; x_wconf 89' lang='lat' dir='ltr'><strong>q.-</strong></span> <span class='ocrx_word' id='word_1_104' title='bbox 2205 2237 2400 2299; x_wconf 74' lang='lat' dir='ltr'><strong>laudes,</strong></span> <span class='ocrx_word' id='word_1_105' title='bbox 2425 2236 2590 2285; x_wconf 64' lang='lat' dir='ltr'><strong>rithm-</strong></span> 
     </span>
     <span class='ocr_line' id='line_1_11' title="bbox 315 2304 2594 2385; baseline 0.003 -22"><span class='ocrx_word' id='word_1_106' title='bbox 315 2314 441 2365; x_wconf 64' lang='lat' dir='ltr'><strong>liene</strong></span> <span class='ocrx_word' id='word_1_107' title='bbox 492 2315 705 2378; x_wconf 74' lang='lat' dir='ltr'><strong>thulen).</strong></span> <span class='ocrx_word' id='word_1_108' title='bbox 770 2304 1019 2377; x_wconf 70' lang='grc' dir='ltr'><strong><em>εὖδοξία.</em></strong></span> <span class='ocrx_word' id='word_1_109' title='bbox 1095 2315 1182 2370; x_wconf 83' lang='lat' dir='ltr'><strong>cf.</strong></span> <span class='ocrx_word' id='word_1_110' title='bbox 1237 2316 1456 2367; x_wconf 86' lang='lat' dir='ltr'><strong>Platon.</strong></span> <span class='ocrx_word' id='word_1_111' title='bbox 1512 2316 1739 2369; x_wconf 81' lang='lat' dir='ltr'><strong>Conviv.</strong></span> <span class='ocrx_word' id='word_1_112' title='bbox 1793 2334 1846 2383; x_wconf 89' lang='lat' dir='ltr'><strong>p.</strong></span> <span class='ocrx_word' id='word_1_113' title='bbox 1893 2316 1994 2367; x_wconf 82' lang='lat'><strong>208</strong></span> <span class='ocrx_word' id='word_1_114' title='bbox 2040 2320 2116 2369; x_wconf 84' lang='lat' dir='ltr'><strong>D:</strong></span> <span class='ocrx_word' id='word_1_115' title='bbox 2189 2309 2333 2385; x_wconf 70' lang='grc' dir='ltr'><strong>ὑπὲρ</strong></span> <span class='ocrx_word' id='word_1_116' title='bbox 2385 2308 2594 2385; x_wconf 70' lang='grc' dir='ltr'><strong><em>αἱρετῆς</em></strong></span> 
     </span>
     <span class='ocr_line' id='line_1_12' title="bbox 314 2387 2592 2467; baseline 0.003 -19"><span class='ocrx_word' id='word_1_117' title='bbox 314 2387 625 2451; x_wconf 69' lang='grc' dir='ltr'><strong>ἀθανάτου</strong></span> <span class='ocrx_word' id='word_1_118' title='bbox 660 2394 759 2449; x_wconf 75' lang='grc' dir='ltr'><strong>καὶ</strong></span> <span class='ocrx_word' id='word_1_119' title='bbox 794 2392 1063 2467; x_wconf 77' lang='grc' dir='ltr'><strong><em>τοιαύτης</em></strong></span> <span class='ocrx_word' id='word_1_120' title='bbox 1100 2392 1273 2465; x_wconf 76' lang='grc' dir='ltr'><strong><em>δόξης</em></strong></span> <span class='ocrx_word' id='word_1_121' title='bbox 1311 2389 1578 2459; x_wconf 73' lang='grc' dir='ltr'><strong>εὐκλεοῦς</strong></span> <span class='ocrx_word' id='word_1_122' title='bbox 1612 2398 1826 2461; x_wconf 72' lang='grc' dir='ltr'><strong><em>πάντες</em></strong></span> <span class='ocrx_word' id='word_1_123' title='bbox 1861 2394 2054 2453; x_wconf 73' lang='grc' dir='ltr'><strong><em>πάντα</em></strong></span> <span class='ocrx_word' id='word_1_124' title='bbox 2091 2401 2372 2455; x_wconf 71' lang='grc' dir='ltr'><strong>ποιοῦσιν.</strong></span> <span class='ocrx_word' id='word_1_125' title='bbox 2431 2404 2592 2455; x_wconf 77' lang='lat' dir='ltr'><strong>Euri-</strong></span> 
     </span>
     <span class='ocr_line' id='line_1_13' title="bbox 314 2477 2593 2556; baseline 0.003 -23"><span class='ocrx_word' id='word_1_126' title='bbox 314 2484 430 2550; x_wconf 87' lang='lat' dir='ltr'><strong>pid.</strong></span> <span class='ocrx_word' id='word_1_127' title='bbox 472 2485 757 2538; x_wconf 87' lang='lat' dir='ltr'><strong>Temenid.</strong></span> <span class='ocrx_word' id='word_1_128' title='bbox 802 2486 1026 2556; x_wconf 75' lang='lat' dir='ltr'><strong>Fragm.</strong></span> <span class='ocrx_word' id='word_1_129' title='bbox 1078 2487 1137 2535; x_wconf 92' lang='lat' dir='ltr'><strong>in</strong></span> <span class='ocrx_word' id='word_1_130' title='bbox 1184 2485 1415 2536; x_wconf 89' lang='lat' dir='ltr'><strong>Stobaei</strong></span> <span class='ocrx_word' id='word_1_131' title='bbox 1459 2485 1651 2550; x_wconf 76' lang='lat' dir='ltr'><strong>Floril.</strong></span> <span class='ocrx_word' id='word_1_132' title='bbox 1689 2487 1800 2536; x_wconf 85' lang='lat' dir='ltr'><strong>Tit.</strong></span> <span class='ocrx_word' id='word_1_133' title='bbox 1840 2487 1868 2536; x_wconf 95' lang='lat'>1</span> <span class='ocrx_word' id='word_1_134' title='bbox 1902 2489 1948 2548; x_wconf 71' lang='lat'><strong>§-</strong></span> <span class='ocrx_word' id='word_1_135' title='bbox 1985 2489 2046 2539; x_wconf 82' lang='lat'><strong>4:</strong></span> <span class='ocrx_word' id='word_1_136' title='bbox 2113 2479 2301 2553; x_wconf 80' lang='grc' dir='ltr'><strong>Ἀρετὴ</strong></span> <span class='ocrx_word' id='word_1_137' title='bbox 2340 2481 2434 2553; x_wconf 73' lang='grc' dir='ltr'><strong>δέ,</strong></span> <span class='ocrx_word' id='word_1_138' title='bbox 2481 2477 2593 2540; x_wconf 67' lang='grc' dir='ltr'><strong>κᾶν</strong></span> 
     </span>
     <span class='ocr_line' id='line_1_14' title="bbox 315 2559 2592 2640; baseline 0.003 -20"><span class='ocrx_word' id='word_1_139' title='bbox 315 2561 477 2636; x_wconf 73' lang='grc' dir='ltr'><strong>θάνῃ</strong></span> <span class='ocrx_word' id='word_1_140' title='bbox 511 2585 613 2630; x_wconf 72' lang='grc' dir='ltr'><strong>τις,</strong></span> <span class='ocrx_word' id='word_1_141' title='bbox 652 2560 757 2621; x_wconf 75' lang='grc' dir='ltr'><strong>οὒκ</strong></span> <span class='ocrx_word' id='word_1_142' title='bbox 791 2559 1161 2635; x_wconf 74' lang='grc' dir='ltr'><strong>οἷκόλλυται);</strong></span> <span class='ocrx_word' id='word_1_143' title='bbox 1214 2574 1399 2621; x_wconf 88' lang='lat' dir='ltr'><strong>tamen</strong></span> <span class='ocrx_word' id='word_1_144' title='bbox 1446 2567 1620 2636; x_wconf 76' lang='grc' dir='ltr'><strong><em>δεῖμα</em></strong></span> <span class='ocrx_word' id='word_1_145' title='bbox 1655 2586 1764 2622; x_wconf 92' lang='lat' dir='ltr'><strong>non</strong></span> <span class='ocrx_word' id='word_1_146' title='bbox 1799 2571 2078 2622; x_wconf 86' lang='lat' dir='ltr'><strong>invenitur</strong></span> <span class='ocrx_word' id='word_1_147' title='bbox 2110 2572 2430 2638; x_wconf 80' lang='lat' dir='ltr'><strong>significans</strong></span> <span class='ocrx_word' id='word_1_148' title='bbox 2466 2575 2503 2627; x_wconf 92' lang='lat' dir='ltr'><strong>i.</strong></span> <span class='ocrx_word' id='word_1_149' title='bbox 2541 2591 2592 2640; x_wconf 87' lang='lat' dir='ltr'><strong>q.</strong></span> 
     </span>
     <span class='ocr_line' id='line_1_15' title="bbox 316 2653 2592 2722; baseline 0.002 -18"><span class='ocrx_word' id='word_1_150' title='bbox 316 2653 555 2706; x_wconf 76' lang='lat' dir='ltr'><strong>famam</strong></span> <span class='ocrx_word' id='word_1_151' title='bbox 618 2653 757 2718; x_wconf 84' lang='lat' dir='ltr'><strong>(sive</strong></span> <span class='ocrx_word' id='word_1_152' title='bbox 820 2653 1187 2720; x_wconf 87' lang='lat' dir='ltr'><strong>opprobrium)</strong></span> <span class='ocrx_word' id='word_1_153' title='bbox 1250 2655 1582 2707; x_wconf 82' lang='lat' dir='ltr'><strong>timiditatis.</strong></span> <span class='ocrx_word' id='word_1_154' title='bbox 1653 2655 1831 2706; x_wconf 78' lang='lat' dir='ltr'><strong>Aliter</strong></span> <span class='ocrx_word' id='word_1_155' title='bbox 1889 2661 2072 2707; x_wconf 84' lang='lat' dir='ltr'><strong>autem</strong></span> <span class='ocrx_word' id='word_1_156' title='bbox 2131 2657 2410 2722; x_wconf 78' lang='lat' dir='ltr'><strong>genitivus</strong></span> <span class='ocrx_word' id='word_1_157' title='bbox 2468 2673 2592 2709; x_wconf 85' lang='lat' dir='ltr'><strong>cum</strong></span> 
     </span>
     <span class='ocr_line' id='line_1_16' title="bbox 314 2731 2592 2805; baseline 0.002 -17"><span class='ocrx_word' id='word_1_158' title='bbox 314 2731 657 2804; x_wconf 73' lang='grc' dir='ltr'><strong><em>μάρνασθαι</em></strong></span> <span class='ocrx_word' id='word_1_159' title='bbox 704 2740 945 2790; x_wconf 73' lang='lat' dir='ltr'><strong>construi</strong></span> <span class='ocrx_word' id='word_1_160' title='bbox 989 2755 1099 2790; x_wconf 91' lang='lat' dir='ltr'><strong>non</strong></span> <span class='ocrx_word' id='word_1_161' title='bbox 1142 2744 1347 2805; x_wconf 86' lang='lat' dir='ltr'><strong>potest.</strong></span> <span class='ocrx_word' id='word_1_162' title='bbox 1416 2739 1692 2791; x_wconf 79' lang='lat' dir='ltr'><strong>Placebat</strong></span> <span class='ocrx_word' id='word_1_163' title='bbox 1727 2740 1898 2804; x_wconf 83' lang='lat' dir='ltr'><strong>igitur</strong></span> <span class='ocrx_word' id='word_1_164' title='bbox 1929 2739 2199 2791; x_wconf 84' lang='lat' dir='ltr'><strong>facillima</strong></span> <span class='ocrx_word' id='word_1_165' title='bbox 2233 2740 2592 2793; x_wconf 82' lang='lat' dir='ltr'><strong>Valckenarii</strong></span> 
     </span>
     <span class='ocr_line' id='line_1_17' title="bbox 316 2820 2590 2894; baseline 0.004 -22"><span class='ocrx_word' id='word_1_166' title='bbox 316 2821 632 2888; x_wconf 82' lang='lat' dir='ltr'><strong>(Animadv.</strong></span> <span class='ocrx_word' id='word_1_167' title='bbox 685 2824 755 2874; x_wconf 92' lang='lat' dir='ltr'><strong>ad</strong></span> <span class='ocrx_word' id='word_1_168' title='bbox 800 2823 1045 2894; x_wconf 63' lang='lat' dir='ltr'><strong>Amnon.</strong></span> <span class='ocrx_word' id='word_1_169' title='bbox 1092 2839 1143 2888; x_wconf 90' lang='lat' dir='ltr'><strong>p.</strong></span> <span class='ocrx_word' id='word_1_170' title='bbox 1186 2823 1281 2874; x_wconf 80' lang='lat'><strong>142</strong></span> <span class='ocrx_word' id='word_1_171' title='bbox 1317 2825 1427 2890; x_wconf 87' lang='lat' dir='ltr'><strong>sq.)</strong></span> <span class='ocrx_word' id='word_1_172' title='bbox 1481 2825 1804 2876; x_wconf 85' lang='lat' dir='ltr'><strong>coniectura</strong></span> <span class='ocrx_word' id='word_1_173' title='bbox 1855 2820 2102 2891; x_wconf 75' lang='grc' dir='ltr'><strong><em>λήματος</em></strong></span> <span class='ocrx_word' id='word_1_174' title='bbox 2152 2840 2250 2890; x_wconf 84' lang='lat' dir='ltr'><strong>pro</strong></span> <span class='ocrx_word' id='word_1_175' title='bbox 2305 2821 2590 2892; x_wconf 76' lang='grc' dir='ltr'><strong><em>δείματος.</em></strong></span> 
     </span>
     <span class='ocr_line' id='line_1_18' title="bbox 317 2897 2591 2976; baseline 0.002 -20"><span class='ocrx_word' id='word_1_176' title='bbox 317 2905 405 2957; x_wconf 88' lang='lat' dir='ltr'><strong>Cf.</strong></span> <span class='ocrx_word' id='word_1_177' title='bbox 442 2907 709 2961; x_wconf 88' lang='lat' dir='ltr'><strong>Herodot.</strong></span> <span class='ocrx_word' id='word_1_178' title='bbox 746 2908 882 2966; x_wconf 84' lang='lat' dir='ltr'>VII,</span> <span class='ocrx_word' id='word_1_179' title='bbox 917 2906 1011 2958; x_wconf 72' lang='lat'><strong>992</strong></span> <span class='ocrx_word' id='word_1_180' title='bbox 1081 2897 1207 2974; x_wconf 78' lang='grc' dir='ltr'><strong>ἥτις</strong></span> <span class='ocrx_word' id='word_1_181' title='bbox 1252 2908 1399 2974; x_wconf 88' lang='lat' dir='ltr'><strong>(scil.</strong></span> <span class='ocrx_word' id='word_1_182' title='bbox 1444 2907 1774 2972; x_wconf 86' lang='lat' dir='ltr'><strong>Artemisia)</strong></span> <span class='ocrx_word' id='word_1_183' title='bbox 1823 2900 1936 2960; x_wconf 78' lang='grc' dir='ltr'><strong>ὑπὸ</strong></span> <span class='ocrx_word' id='word_1_184' title='bbox 1972 2903 2219 2976; x_wconf 78' lang='grc' dir='ltr'><strong><em>λήματός</em></strong></span> <span class='ocrx_word' id='word_1_185' title='bbox 2262 2924 2321 2960; x_wconf 82' lang='grc' dir='ltr'><strong>τε</strong></span> <span class='ocrx_word' id='word_1_186' title='bbox 2359 2905 2455 2960; x_wconf 77' lang='grc' dir='ltr'><strong>καὶ</strong></span> <span class='ocrx_word' id='word_1_187' title='bbox 2491 2901 2591 2962; x_wconf 82' lang='grc' dir='ltr'><strong><em>οἷν-</em></strong></span> 
     </span>
     <span class='ocr_line' id='line_1_19' title="bbox 317 2984 2594 3058; baseline 0.002 -16"><span class='ocrx_word' id='word_1_188' title='bbox 317 2987 525 3058; x_wconf 75' lang='grc' dir='ltr'><strong><em>δρηΐης</em></strong></span> <span class='ocrx_word' id='word_1_189' title='bbox 562 2984 945 3056; x_wconf 72' lang='grc' dir='ltr'><strong>ἐστρατεύετο.</strong></span> <span class='ocrx_word' id='word_1_190' title='bbox 1014 2992 1366 3058; x_wconf 87' lang='lat' dir='ltr'><strong>Receperunt</strong></span> <span class='ocrx_word' id='word_1_191' title='bbox 1402 2992 1537 3043; x_wconf 86' lang='lat' dir='ltr'><strong>illud</strong></span> <span class='ocrx_word' id='word_1_192' title='bbox 1563 2992 1822 3044; x_wconf 86' lang='lat' dir='ltr'><strong>Reiskius</strong></span> <span class='ocrx_word' id='word_1_193' title='bbox 1860 2999 1916 3042; x_wconf 90' lang='lat' dir='ltr'><strong>et</strong></span> <span class='ocrx_word' id='word_1_194' title='bbox 1952 2993 2068 3047; x_wconf 84' lang='lat' dir='ltr'><strong>alii.</strong></span> <span class='ocrx_word' id='word_1_195' title='bbox 2137 2993 2411 3044; x_wconf 79' lang='lat' dir='ltr'><strong>Restabat</strong></span> <span class='ocrx_word' id='word_1_196' title='bbox 2446 2995 2594 3046; x_wconf 84' lang='lat' dir='ltr'><strong>diffi-</strong></span> 
     </span>
     <span class='ocr_line' id='line_1_20' title="bbox 316 3069 2590 3142; baseline 0.002 -16"><span class='ocrx_word' id='word_1_197' title='bbox 316 3075 497 3126; x_wconf 81' lang='lat' dir='ltr'><strong>cultas</strong></span> <span class='ocrx_word' id='word_1_198' title='bbox 530 3075 764 3142; x_wconf 77' lang='lat' dir='ltr'><strong>genitivi</strong></span> <span class='ocrx_word' id='word_1_199' title='bbox 799 3075 1169 3132; x_wconf 86' lang='lat' dir='ltr'><strong>construendi.</strong></span> <span class='ocrx_word' id='word_1_200' title='bbox 1239 3077 1378 3128; x_wconf 86' lang='lat' dir='ltr'><strong>Nam</strong></span> <span class='ocrx_word' id='word_1_201' title='bbox 1405 3075 1624 3127; x_wconf 82' lang='lat' dir='ltr'><strong>Graeca</strong></span> <span class='ocrx_word' id='word_1_202' title='bbox 1661 3092 1770 3126; x_wconf 87' lang='lat' dir='ltr'><strong>non</strong></span> <span class='ocrx_word' id='word_1_203' title='bbox 1805 3069 2140 3142; x_wconf 80' lang='lat' dir='ltr'><strong>significant,</strong></span> <span class='ocrx_word' id='word_1_204' title='bbox 2177 3077 2317 3142; x_wconf 87' lang='lat' dir='ltr'><strong>quod</strong></span> <span class='ocrx_word' id='word_1_205' title='bbox 2354 3077 2590 3132; x_wconf 87' lang='lat' dir='ltr'><strong>Valcke-</strong></span> 
     </span>
    </p>
   </div>
   <div class='ocr_carea' id='block_1_4' title="bbox 314 3160 2698 3226">
    <p class='ocr_par' dir='ltr' id='par_1_4' title="bbox 314 3160 2698 3226">
     <span class='ocr_line' id='line_1_21' title="bbox 314 3160 2698 3226; baseline 0.002 -14"><span class='ocrx_word' id='word_1_206' title='bbox 314 3161 503 3212; x_wconf 81' lang='lat' dir='ltr'><strong>narius</strong></span> <span class='ocrx_word' id='word_1_207' title='bbox 538 3160 743 3212; x_wconf 78' lang='lat' dir='ltr'><strong>volnit:</strong></span> <span class='ocrx_word' id='word_1_208' title='bbox 780 3177 881 3226; x_wconf 82' lang='lat' dir='ltr'><strong>qua</strong></span> <span class='ocrx_word' id='word_1_209' title='bbox 914 3167 1067 3211; x_wconf 78' lang='lat' dir='ltr'><strong>erant</strong></span> <span class='ocrx_word' id='word_1_210' title='bbox 1092 3162 1389 3225; x_wconf 74' lang='lat' dir='ltr'><strong>praestanti</strong></span> <span class='ocrx_word' id='word_1_211' title='bbox 1416 3161 1616 3220; x_wconf 77' lang='lat' dir='ltr'><strong>virtute,</strong></span> <span class='ocrx_word' id='word_1_212' title='bbox 1651 3167 1860 3212; x_wconf 69' lang='lat' dir='ltr'><strong>strenue</strong></span> <span class='ocrx_word' id='word_1_213' title='bbox 1879 3170 2180 3226; x_wconf 60' lang='lat' dir='ltr'><strong>pugnantes.</strong></span> <span class='ocrx_word' id='word_1_214' title='bbox 2229 3163 2386 3226; x_wconf 81' lang='lat' dir='ltr'><strong>Quod</strong></span> <span class='ocrx_word' id='word_1_215' title='bbox 2411 3170 2591 3216; x_wconf 86' lang='lat' dir='ltr'><strong>autem</strong></span> <span class='ocrx_word' id='word_1_216' title='bbox 2687 3201 2698 3208; x_wconf 71' lang='grc'><strong>-</strong></span> 
     </span>
    </p>
   </div>
   <div class='ocr_carea' id='block_1_5' title="bbox 312 3243 2595 4498">
    <p class='ocr_par' dir='ltr' id='par_1_5' title="bbox 312 3243 2595 4498">
     <span class='ocr_line' id='line_1_22' title="bbox 317 3243 2591 3316; baseline 0.002 -20"><span class='ocrx_word' id='word_1_217' title='bbox 317 3245 603 3298; x_wconf 86' lang='lat' dir='ltr'><strong>Iacobsius</strong></span> <span class='ocrx_word' id='word_1_218' title='bbox 640 3243 908 3306; x_wconf 81' lang='lat' dir='ltr'><strong>(Addend.</strong></span> <span class='ocrx_word' id='word_1_219' title='bbox 949 3245 1018 3294; x_wconf 88' lang='lat' dir='ltr'><strong>ad</strong></span> <span class='ocrx_word' id='word_1_220' title='bbox 1054 3244 1269 3295; x_wconf 84' lang='lat' dir='ltr'><strong>Anthol.</strong></span> <span class='ocrx_word' id='word_1_221' title='bbox 1308 3243 1493 3295; x_wconf 84' lang='lat' dir='ltr'><strong>Palat.</strong></span> <span class='ocrx_word' id='word_1_222' title='bbox 1531 3245 1595 3295; x_wconf 90' lang='grc' dir='ltr'><strong>Τ.</strong></span> <span class='ocrx_word' id='word_1_223' title='bbox 1634 3246 1764 3296; x_wconf 69' lang='lat'>111³</span> <span class='ocrx_word' id='word_1_224' title='bbox 1807 3262 1861 3310; x_wconf 85' lang='lat' dir='ltr'><strong>p.</strong></span> <span class='ocrx_word' id='word_1_225' title='bbox 1901 3245 2024 3309; x_wconf 82' lang='grc' dir='ltr'><strong>ΟΠ)</strong></span> <span class='ocrx_word' id='word_1_226' title='bbox 2065 3246 2296 3297; x_wconf 90' lang='lat' dir='ltr'><strong>contulit</strong></span> <span class='ocrx_word' id='word_1_227' title='bbox 2331 3249 2400 3298; x_wconf 84' lang='lat' dir='ltr'><strong>ad</strong></span> <span class='ocrx_word' id='word_1_228' title='bbox 2437 3250 2591 3316; x_wconf 79' lang='lat' dir='ltr'><strong>geni·</strong></span> 
     </span>
     <span class='ocr_line' id='line_1_23' title="bbox 314 3323 2592 3398; baseline 0.001 -17"><span class='ocrx_word' id='word_1_229' title='bbox 314 3331 487 3381; x_wconf 85' lang='lat' dir='ltr'><strong>tivum</strong></span> <span class='ocrx_word' id='word_1_230' title='bbox 534 3327 921 3395; x_wconf 86' lang='lat' dir='ltr'><strong>explicandum</strong></span> <span class='ocrx_word' id='word_1_231' title='bbox 956 3328 1183 3380; x_wconf 88' lang='lat' dir='ltr'><strong>Hesiod.</strong></span> <span class='ocrx_word' id='word_1_232' title='bbox 1221 3329 1431 3394; x_wconf 78' lang='lat' dir='ltr'><strong>Theog.</strong></span> <span class='ocrx_word' id='word_1_233' title='bbox 1466 3345 1548 3382; x_wconf 81' lang='lat' dir='ltr'><strong>vs.</strong></span> <span class='ocrx_word' id='word_1_234' title='bbox 1593 3327 1720 3380; x_wconf 81' lang='lat'><strong>802:</strong></span> <span class='ocrx_word' id='word_1_235' title='bbox 1780 3323 2080 3396; x_wconf 81' lang='grc' dir='ltr'><em>Τιτήνεσσι</em></span> <span class='ocrx_word' id='word_1_236' title='bbox 2116 3323 2182 3381; x_wconf 72' lang='grc' dir='ltr'><strong>δὲ</strong></span> <span class='ocrx_word' id='word_1_237' title='bbox 2217 3326 2437 3397; x_wconf 72' lang='grc' dir='ltr'><strong>τιμάων</strong></span> <span class='ocrx_word' id='word_1_238' title='bbox 2471 3331 2592 3398; x_wconf 80' lang='grc' dir='ltr'><strong><em>κρί-</em></strong></span> 
     </span>
     <span class='ocr_line' id='line_1_24' title="bbox 314 3407 2592 3481; baseline 0.002 -17"><span class='ocrx_word' id='word_1_239' title='bbox 314 3429 491 3465; x_wconf 79' lang='grc' dir='ltr'><strong><em>ναντο</em></strong></span> <span class='ocrx_word' id='word_1_240' title='bbox 528 3411 725 3479; x_wconf 80' lang='grc' dir='ltr'><em>βίῃφι,</em></span> <span class='ocrx_word' id='word_1_241' title='bbox 763 3414 799 3466; x_wconf 91' lang='lat' dir='ltr'><strong>i.</strong></span> <span class='ocrx_word' id='word_1_242' title='bbox 838 3429 886 3464; x_wconf 89' lang='lat' dir='ltr'><strong>e.</strong></span> <span class='ocrx_word' id='word_1_243' title='bbox 927 3407 1285 3481; x_wconf 73' lang='grc' dir='ltr'><strong><em>ἐπολέμησαν</em></strong></span> <span class='ocrx_word' id='word_1_244' title='bbox 1320 3411 1501 3480; x_wconf 79' lang='grc' dir='ltr'><strong>τιτῆσι</strong></span> <span class='ocrx_word' id='word_1_245' title='bbox 1536 3413 1713 3480; x_wconf 72' lang='grc' dir='ltr'><strong>τῗιμῶν</strong></span> <span class='ocrx_word' id='word_1_246' title='bbox 1751 3407 1951 3479; x_wconf 73' lang='grc' dir='ltr'><strong><em>ἕνεκα,</em></strong></span> <span class='ocrx_word' id='word_1_247' title='bbox 1986 3415 2084 3465; x_wconf 85' lang='lat' dir='ltr'><strong>ubi</strong></span> <span class='ocrx_word' id='word_1_248' title='bbox 2119 3415 2227 3466; x_wconf 86' lang='lat' dir='ltr'><strong>vid.</strong></span> <span class='ocrx_word' id='word_1_249' title='bbox 2263 3416 2421 3467; x_wconf 81' lang='lat' dir='ltr'><strong>Wolf</strong></span> <span class='ocrx_word' id='word_1_250' title='bbox 2447 3453 2461 3479; x_wconf 89' lang='lat'>,</span> <span class='ocrx_word' id='word_1_251' title='bbox 2498 3417 2592 3468; x_wconf 87' lang='lat' dir='ltr'><strong>hic</strong></span> 
     </span>
     <span class='ocr_line' id='line_1_25' title="bbox 315 3498 2590 3565; baseline 0.002 -17"><span class='ocrx_word' id='word_1_252' title='bbox 315 3499 593 3565; x_wconf 79' lang='lat' dir='ltr'><strong>genitivus</strong></span> <span class='ocrx_word' id='word_1_253' title='bbox 628 3499 697 3549; x_wconf 86' lang='lat' dir='ltr'><strong>de</strong></span> <span class='ocrx_word' id='word_1_254' title='bbox 735 3514 793 3549; x_wconf 90' lang='lat' dir='ltr'><strong>re</strong></span> <span class='ocrx_word' id='word_1_255' title='bbox 832 3499 1147 3565; x_wconf 86' lang='lat' dir='ltr'><strong>appetenda</strong></span> <span class='ocrx_word' id='word_1_256' title='bbox 1183 3498 1299 3550; x_wconf 81' lang='lat' dir='ltr'><strong>sive</strong></span> <span class='ocrx_word' id='word_1_257' title='bbox 1336 3499 1686 3550; x_wconf 80' lang='lat' dir='ltr'><strong>defendenda</strong></span> <span class='ocrx_word' id='word_1_258' title='bbox 1723 3500 2012 3565; x_wconf 80' lang='lat' dir='ltr'><strong>(Krueger.</strong></span> <span class='ocrx_word' id='word_1_259' title='bbox 2054 3499 2292 3552; x_wconf 85' lang='lat' dir='ltr'><strong>Gramm.</strong></span> <span class='ocrx_word' id='word_1_260' title='bbox 2329 3501 2380 3561; x_wconf 87' lang='grc'><strong>5.</strong></span> <span class='ocrx_word' id='word_1_261' title='bbox 2417 3501 2501 3564; x_wconf 75' lang='grc'><strong>47,</strong></span> <span class='ocrx_word' id='word_1_262' title='bbox 2525 3500 2590 3552; x_wconf 82' lang='lat'><strong>21</strong></span> 
     </span>
     <span class='ocr_line' id='line_1_26' title="bbox 314 3581 2592 3650; baseline 0.001 -17"><span class='ocrx_word' id='word_1_263' title='bbox 314 3582 468 3648; x_wconf 85' lang='lat' dir='ltr'><strong>not.),</strong></span> <span class='ocrx_word' id='word_1_264' title='bbox 508 3583 577 3633; x_wconf 78' lang='lat' dir='ltr'><strong>ad</strong></span> <span class='ocrx_word' id='word_1_265' title='bbox 614 3581 885 3649; x_wconf 76' lang='grc' dir='ltr'><strong><em>δείματος</em></strong></span> <span class='ocrx_word' id='word_1_266' title='bbox 920 3588 1071 3635; x_wconf 87' lang='lat' dir='ltr'><strong>certe</strong></span> <span class='ocrx_word' id='word_1_267' title='bbox 1110 3583 1494 3650; x_wconf 84' lang='lat' dir='ltr'><strong>explicandum</strong></span> <span class='ocrx_word' id='word_1_268' title='bbox 1532 3584 1788 3636; x_wconf 82' lang='lat' dir='ltr'><strong>adhiberi</strong></span> <span class='ocrx_word' id='word_1_269' title='bbox 1819 3599 1925 3634; x_wconf 91' lang='lat' dir='ltr'><strong>non</strong></span> <span class='ocrx_word' id='word_1_270' title='bbox 1949 3589 2150 3650; x_wconf 87' lang='lat' dir='ltr'><strong>potest.</strong></span> <span class='ocrx_word' id='word_1_271' title='bbox 2198 3585 2389 3650; x_wconf 84' lang='lat' dir='ltr'><strong>Neque</strong></span> <span class='ocrx_word' id='word_1_272' title='bbox 2415 3585 2592 3650; x_wconf 85' lang='lat' dir='ltr'><strong>ipsum</strong></span> 
     </span>
     <span class='ocr_line' id='line_1_27' title="bbox 312 3659 2591 3735; baseline 0.001 -17"><span class='ocrx_word' id='word_1_273' title='bbox 312 3659 523 3735; x_wconf 71' lang='grc' dir='ltr'><strong>αἱρετῆς</strong></span> <span class='ocrx_word' id='word_1_274' title='bbox 556 3673 707 3719; x_wconf 86' lang='lat' dir='ltr'><strong>recte</strong></span> <span class='ocrx_word' id='word_1_275' title='bbox 744 3669 825 3720; x_wconf 88' lang='lat' dir='ltr'><strong>sic</strong></span> <span class='ocrx_word' id='word_1_276' title='bbox 864 3674 1049 3735; x_wconf 85' lang='lat' dir='ltr'><strong>aptum</strong></span> <span class='ocrx_word' id='word_1_277' title='bbox 1090 3673 1251 3730; x_wconf 85' lang='lat' dir='ltr'><strong>esset,</strong></span> <span class='ocrx_word' id='word_1_278' title='bbox 1291 3668 1622 3720; x_wconf 82' lang='lat' dir='ltr'><strong>observante</strong></span> <span class='ocrx_word' id='word_1_279' title='bbox 1657 3669 1943 3720; x_wconf 88' lang='lat' dir='ltr'><strong>Dissenio:</strong></span> <span class='ocrx_word' id='word_1_280' title='bbox 1985 3671 2205 3735; x_wconf 85' lang='lat' dir='ltr'><strong>‘nempe</strong></span> <span class='ocrx_word' id='word_1_281' title='bbox 2241 3669 2336 3721; x_wconf 85' lang='lat' dir='ltr'><strong>ubi</strong></span> <span class='ocrx_word' id='word_1_282' title='bbox 2370 3669 2591 3721; x_wconf 88' lang='lat' dir='ltr'><strong>redimi·</strong></span> 
     </span>
     <span class='ocr_line' id='line_1_28' title="bbox 312 3753 2591 3822; baseline 0.001 -19"><span class='ocrx_word' id='word_1_283' title='bbox 312 3758 401 3804; x_wconf 86' lang='lat' dir='ltr'><strong>tur</strong></span> <span class='ocrx_word' id='word_1_284' title='bbox 436 3753 643 3818; x_wconf 82' lang='lat' dir='ltr'><strong>aliquid</strong></span> <span class='ocrx_word' id='word_1_285' title='bbox 677 3755 876 3819; x_wconf 85' lang='lat' dir='ltr'><strong>pretio,</strong></span> <span class='ocrx_word' id='word_1_286' title='bbox 915 3753 1076 3803; x_wconf 87' lang='lat' dir='ltr'><strong>datur</strong></span> <span class='ocrx_word' id='word_1_287' title='bbox 1102 3753 1328 3819; x_wconf 85' lang='lat' dir='ltr'><strong>aliquid,</strong></span> <span class='ocrx_word' id='word_1_288' title='bbox 1366 3753 1463 3804; x_wconf 89' lang='lat' dir='ltr'><strong>sed</strong></span> <span class='ocrx_word' id='word_1_289' title='bbox 1488 3769 1599 3804; x_wconf 92' lang='lat' dir='ltr'><strong>non</strong></span> <span class='ocrx_word' id='word_1_290' title='bbox 1624 3754 1785 3805; x_wconf 88' lang='lat' dir='ltr'><strong>datur</strong></span> <span class='ocrx_word' id='word_1_291' title='bbox 1809 3755 1982 3806; x_wconf 84' lang='lat' dir='ltr'><strong>virtus</strong></span> <span class='ocrx_word' id='word_1_292' title='bbox 2007 3754 2112 3806; x_wconf 85' lang='lat' dir='ltr'><strong>hoe</strong></span> <span class='ocrx_word' id='word_1_293' title='bbox 2147 3754 2339 3806; x_wconf 86' lang='lat' dir='ltr'><strong>modo.&#39;</strong></span> <span class='ocrx_word' id='word_1_294' title='bbox 2385 3754 2591 3822; x_wconf 86' lang='lat' dir='ltr'><strong>Displi-</strong></span> 
     </span>
     <span class='ocr_line' id='line_1_29' title="bbox 315 3825 2592 3906; baseline 0.002 -18"><span class='ocrx_word' id='word_1_295' title='bbox 315 3838 481 3889; x_wconf 88' lang='lat' dir='ltr'><strong>cebat</strong></span> <span class='ocrx_word' id='word_1_296' title='bbox 516 3853 727 3904; x_wconf 84' lang='lat' dir='ltr'><strong>quoque</strong></span> <span class='ocrx_word' id='word_1_297' title='bbox 774 3838 1047 3890; x_wconf 84' lang='lat' dir='ltr'><strong>scholion:</strong></span> <span class='ocrx_word' id='word_1_298' title='bbox 1099 3836 1395 3905; x_wconf 79' lang='grc' dir='ltr'><strong><em>δείματος]</em></strong></span> <span class='ocrx_word' id='word_1_299' title='bbox 1436 3831 1626 3904; x_wconf 80' lang='grc' dir='ltr'><strong><em>φόβου</em></strong></span> <span class='ocrx_word' id='word_1_300' title='bbox 1663 3825 1734 3889; x_wconf 73' lang='grc' dir='ltr'><strong>οὗ</strong></span> <span class='ocrx_word' id='word_1_301' title='bbox 1783 3831 1944 3903; x_wconf 79' lang='grc' dir='ltr'><strong><em>εἶχον</em></strong></span> <span class='ocrx_word' id='word_1_302' title='bbox 1977 3831 2122 3904; x_wconf 69' lang='grc' dir='ltr'><strong>ὑπὲρ</strong></span> <span class='ocrx_word' id='word_1_303' title='bbox 2157 3837 2259 3906; x_wconf 76' lang='grc' dir='ltr'><strong>τῆς</strong></span> <span class='ocrx_word' id='word_1_304' title='bbox 2292 3838 2592 3905; x_wconf 74' lang='grc' dir='ltr'><strong><em>πατρίδος.</em></strong></span> 
     </span>
     <span class='ocr_line' id='line_1_30' title="bbox 315 3921 2591 3990; baseline 0.002 -18"><span class='ocrx_word' id='word_1_305' title='bbox 315 3922 517 3984; x_wconf 77' lang='lat' dir='ltr'><strong>Quidni</strong></span> <span class='ocrx_word' id='word_1_306' title='bbox 552 3925 761 3990; x_wconf 86' lang='lat' dir='ltr'><strong>potius,</strong></span> <span class='ocrx_word' id='word_1_307' title='bbox 810 3939 971 3988; x_wconf 86' lang='lat' dir='ltr'><strong>quam</strong></span> <span class='ocrx_word' id='word_1_308' title='bbox 1005 3921 1148 3974; x_wconf 83' lang='lat' dir='ltr'><strong>haec</strong></span> <span class='ocrx_word' id='word_1_309' title='bbox 1190 3922 1353 3989; x_wconf 82' lang='lat' dir='ltr'><strong>longe</strong></span> <span class='ocrx_word' id='word_1_310' title='bbox 1389 3923 1568 3988; x_wconf 87' lang='lat' dir='ltr'><strong>petita</strong></span> <span class='ocrx_word' id='word_1_311' title='bbox 1605 3922 1864 3986; x_wconf 85' lang='lat' dir='ltr'><strong>formula,</strong></span> <span class='ocrx_word' id='word_1_312' title='bbox 1904 3922 2230 3990; x_wconf 84' lang='lat' dir='ltr'><strong>simpliciter</strong></span> <span class='ocrx_word' id='word_1_313' title='bbox 2263 3925 2467 3975; x_wconf 84' lang='lat' dir='ltr'><strong>dictum</strong></span> <span class='ocrx_word' id='word_1_314' title='bbox 2505 3940 2591 3976; x_wconf 86' lang='lat' dir='ltr'><strong>es—</strong></span> 
     </span>
     <span class='ocr_line' id='line_1_31' title="bbox 314 4005 2592 4074; baseline 0.001 -18"><span class='ocrx_word' id='word_1_315' title='bbox 314 4010 399 4056; x_wconf 84' lang='lat' dir='ltr'><strong>set</strong></span> <span class='ocrx_word' id='word_1_316' title='bbox 442 4005 720 4072; x_wconf 73' lang='grc' dir='ltr'><strong><em>πατρίδος</em></strong></span> <span class='ocrx_word' id='word_1_317' title='bbox 764 4023 861 4074; x_wconf 91' lang='lat' dir='ltr'><strong>pro</strong></span> <span class='ocrx_word' id='word_1_318' title='bbox 903 4005 1213 4073; x_wconf 65' lang='grc' dir='ltr'><strong><em>δείματοςῗ</em></strong></span> <span class='ocrx_word' id='word_1_319' title='bbox 1282 4008 1532 4058; x_wconf 80' lang='lat' dir='ltr'><strong>Bromius</strong></span> <span class='ocrx_word' id='word_1_320' title='bbox 1566 4009 1764 4058; x_wconf 85' lang='lat' dir='ltr'><strong>merito</strong></span> <span class='ocrx_word' id='word_1_321' title='bbox 1799 4007 1943 4058; x_wconf 83' lang='lat' dir='ltr'><strong>hanc</strong></span> <span class='ocrx_word' id='word_1_322' title='bbox 1993 4008 2418 4073; x_wconf 83' lang='lat' dir='ltr'><strong>explicationem</strong></span> <span class='ocrx_word' id='word_1_323' title='bbox 2455 4009 2592 4059; x_wconf 86' lang='lat' dir='ltr'><strong>dixit</strong></span> 
     </span>
     <span class='ocr_line' id='line_1_32' title="bbox 313 4083 2590 4158; baseline 0.001 -18"><span class='ocrx_word' id='word_1_324' title='bbox 313 4089 533 4142; x_wconf 84' lang='lat' dir='ltr'><strong>duram=</strong></span> <span class='ocrx_word' id='word_1_325' title='bbox 586 4091 939 4155; x_wconf 77' lang='lat' dir='ltr'><strong>‘Genitivus,</strong></span> <span class='ocrx_word' id='word_1_326' title='bbox 974 4093 1180 4158; x_wconf 86' lang='lat' dir='ltr'><strong>inquit,</strong></span> <span class='ocrx_word' id='word_1_327' title='bbox 1222 4097 1307 4144; x_wconf 81' lang='lat' dir='ltr'><strong>est</strong></span> <span class='ocrx_word' id='word_1_328' title='bbox 1344 4107 1568 4143; x_wconf 84' lang='lat' dir='ltr'><strong>causae.</strong></span> <span class='ocrx_word' id='word_1_329' title='bbox 1640 4083 1816 4158; x_wconf 75' lang='grc' dir='ltr'><strong><em>αἱρετὴ</em></strong></span> <span class='ocrx_word' id='word_1_330' title='bbox 1855 4109 1948 4143; x_wconf 89' lang='lat' dir='ltr'><strong>eos</strong></span> <span class='ocrx_word' id='word_1_331' title='bbox 1995 4093 2272 4144; x_wconf 87' lang='lat' dir='ltr'><strong>incitabat</strong></span> <span class='ocrx_word' id='word_1_332' title='bbox 2307 4093 2376 4142; x_wconf 86' lang='lat' dir='ltr'><strong>ad</strong></span> <span class='ocrx_word' id='word_1_333' title='bbox 2413 4095 2590 4142; x_wconf 85' lang='lat' dir='ltr'><strong>certa·</strong></span> 
     </span>
     <span class='ocr_line' id='line_1_33' title="bbox 314 4175 2590 4244; baseline 0.001 -20"><span class='ocrx_word' id='word_1_334' title='bbox 314 4189 455 4228; x_wconf 86' lang='lat' dir='ltr'><strong>men.</strong></span> <span class='ocrx_word' id='word_1_335' title='bbox 528 4176 635 4238; x_wconf 80' lang='lat' dir='ltr'><strong>Qui</strong></span> <span class='ocrx_word' id='word_1_336' title='bbox 682 4181 865 4227; x_wconf 78' lang='lat' dir='ltr'><strong>autem</strong></span> <span class='ocrx_word' id='word_1_337' title='bbox 910 4177 1107 4242; x_wconf 89' lang='lat' dir='ltr'><strong>plenus</strong></span> <span class='ocrx_word' id='word_1_338' title='bbox 1152 4182 1237 4228; x_wconf 89' lang='lat' dir='ltr'><strong>est</strong></span> <span class='ocrx_word' id='word_1_339' title='bbox 1283 4175 1578 4244; x_wconf 74' lang='grc' dir='ltr'><strong><em>δείματος,</em></strong></span> <span class='ocrx_word' id='word_1_340' title='bbox 1627 4178 1676 4228; x_wconf 89' lang='lat' dir='ltr'><strong>is</strong></span> <span class='ocrx_word' id='word_1_341' title='bbox 1721 4182 1999 4228; x_wconf 86' lang='lat' dir='ltr'><strong>certamen</strong></span> <span class='ocrx_word' id='word_1_342' title='bbox 2035 4177 2218 4243; x_wconf 84' lang='lat' dir='ltr'><strong>potius</strong></span> <span class='ocrx_word' id='word_1_343' title='bbox 2255 4176 2396 4242; x_wconf 80' lang='lat' dir='ltr'><strong>fugit</strong></span> <span class='ocrx_word' id='word_1_344' title='bbox 2431 4192 2590 4242; x_wconf 88' lang='lat' dir='ltr'><strong>quam</strong></span> 
     </span>
     <span class='ocr_line' id='line_1_34' title="bbox 314 4257 2595 4328; baseline 0.001 -20"><span class='ocrx_word' id='word_1_345' title='bbox 314 4262 473 4323; x_wconf 87' lang='lat' dir='ltr'><strong>petit.</strong></span> <span class='ocrx_word' id='word_1_346' title='bbox 546 4257 719 4326; x_wconf 79' lang='grc' dir='ltr'><strong><em>δεῖμα</em></strong></span> <span class='ocrx_word' id='word_1_347' title='bbox 756 4260 928 4326; x_wconf 79' lang='lat' dir='ltr'><strong>igitur</strong></span> <span class='ocrx_word' id='word_1_348' title='bbox 974 4276 1081 4311; x_wconf 89' lang='lat' dir='ltr'><strong>non</strong></span> <span class='ocrx_word' id='word_1_349' title='bbox 1128 4267 1313 4328; x_wconf 90' lang='lat' dir='ltr'><strong>potest</strong></span> <span class='ocrx_word' id='word_1_350' title='bbox 1348 4277 1469 4313; x_wconf 83' lang='lat' dir='ltr'><strong>esse</strong></span> <span class='ocrx_word' id='word_1_351' title='bbox 1506 4266 1712 4326; x_wconf 86' lang='lat' dir='ltr'><strong>metus,</strong></span> <span class='ocrx_word' id='word_1_352' title='bbox 1763 4278 1867 4327; x_wconf 88' lang='lat' dir='ltr'><strong>quo</strong></span> <span class='ocrx_word' id='word_1_353' title='bbox 1904 4261 2302 4328; x_wconf 83' lang='lat' dir='ltr'><strong>opplebantur,</strong></span> <span class='ocrx_word' id='word_1_354' title='bbox 2355 4275 2424 4310; x_wconf 90' lang='lat' dir='ltr'><strong>ne</strong></span> <span class='ocrx_word' id='word_1_355' title='bbox 2463 4261 2595 4325; x_wconf 84' lang='lat' dir='ltr'><strong>qnid</strong></span> 
     </span>
     <span class='ocr_line' id='line_1_35' title="bbox 316 4343 2590 4411; baseline 0.001 -19"><span class='ocrx_word' id='word_1_356' title='bbox 316 4343 452 4409; x_wconf 83' lang='lat' dir='ltr'><strong>ipsis</strong></span> <span class='ocrx_word' id='word_1_357' title='bbox 503 4345 920 4397; x_wconf 84' lang='lat' dir='ltr'><strong>decertantibus</strong></span> <span class='ocrx_word' id='word_1_358' title='bbox 977 4346 1297 4411; x_wconf 85' lang='lat' dir='ltr'><strong>accideret,</strong></span> <span class='ocrx_word' id='word_1_359' title='bbox 1332 4347 1429 4398; x_wconf 81' lang='lat' dir='ltr'><strong>aed</strong></span> <span class='ocrx_word' id='word_1_360' title='bbox 1465 4347 1514 4398; x_wconf 84' lang='lat' dir='ltr'><strong>si</strong></span> <span class='ocrx_word' id='word_1_361' title='bbox 1549 4363 1688 4399; x_wconf 83' lang='lat' dir='ltr'><strong>vera</strong></span> <span class='ocrx_word' id='word_1_362' title='bbox 1725 4352 1810 4398; x_wconf 90' lang='lat' dir='ltr'><strong>est</strong></span> <span class='ocrx_word' id='word_1_363' title='bbox 1845 4347 2048 4410; x_wconf 88' lang='lat' dir='ltr'><strong>lectio,</strong></span> <span class='ocrx_word' id='word_1_364' title='bbox 2105 4344 2434 4397; x_wconf 77' lang='lat' dir='ltr'><strong>scholiastes</strong></span> <span class='ocrx_word' id='word_1_365' title='bbox 2471 4357 2590 4395; x_wconf 87' lang='lat' dir='ltr'><strong>eam</strong></span> 
     </span>
     <span class='ocr_line' id='line_1_36' title="bbox 316 4429 2592 4498; baseline 0.001 -21"><span class='ocrx_word' id='word_1_366' title='bbox 316 4433 469 4478; x_wconf 87' lang='lat' dir='ltr'><strong>recte</strong></span> <span class='ocrx_word' id='word_1_367' title='bbox 507 4429 803 4496; x_wconf 78' lang='lat' dir='ltr'><strong>explicuit3</strong></span> <span class='ocrx_word' id='word_1_368' title='bbox 850 4433 991 4496; x_wconf 86' lang='lat' dir='ltr'><strong>quod</strong></span> <span class='ocrx_word' id='word_1_369' title='bbox 1030 4432 1097 4482; x_wconf 86' lang='lat' dir='ltr'><strong>do</strong></span> <span class='ocrx_word' id='word_1_370' title='bbox 1135 4431 1392 4483; x_wconf 85' lang='lat' dir='ltr'><strong>libertate</strong></span> <span class='ocrx_word' id='word_1_371' title='bbox 1433 4439 1488 4483; x_wconf 89' lang='lat' dir='ltr'><strong>et</strong></span> <span class='ocrx_word' id='word_1_372' title='bbox 1522 4432 1704 4484; x_wconf 84' lang='lat' dir='ltr'><strong>salute</strong></span> <span class='ocrx_word' id='word_1_373' title='bbox 1741 4432 1956 4498; x_wconf 84' lang='lat' dir='ltr'><strong>patriae</strong></span> <span class='ocrx_word' id='word_1_374' title='bbox 1987 4431 2289 4492; x_wconf 82' lang='lat' dir='ltr'><strong>timebant,</strong></span> <span class='ocrx_word' id='word_1_375' title='bbox 2329 4443 2449 4480; x_wconf 80' lang='lat' dir='ltr'><strong>cum</strong></span> <span class='ocrx_word' id='word_1_376' title='bbox 2485 4430 2592 4480; x_wconf 79' lang='lat' dir='ltr'><strong>vir·</strong></span> 
     </span>
    </p>
   </div>
   <div class='ocr_carea' id='block_1_6' title="bbox 2049 4515 2296 4582">
    <p class='ocr_par' dir='ltr' id='par_1_6' title="bbox 2049 4515 2296 4582">
     <span class='ocr_line' id='line_1_37' title="bbox 2049 4515 2296 4582; baseline 0 0"><span class='ocrx_word' id='word_1_377' title='bbox 2049 4515 2185 4582; x_wconf 82' lang='lat'><strong>24*</strong></span> <span class='ocrx_word' id='word_1_378' title='bbox 2287 4529 2296 4537; x_wconf 90' lang='lat'>&#39;</span> 
     </span>
    </p>
   </div>
  </div>
 </body>
</html>
