<?xml version="1.0" encoding="UTF-8"?>
<!DOCTYPE html PUBLIC "-//W3C//DTD XHTML 1.0 Transitional//EN"
    "http://www.w3.org/TR/xhtml1/DTD/xhtml1-transitional.dtd">
<html xmlns="http://www.w3.org/1999/xhtml" xml:lang="en" lang="en">
 <head>
  <title>
</title>
<meta http-equiv="Content-Type" content="text/html;charset=utf-8" />
  <meta name='ocr-system' content='tesseract 3.04.00' />
  <meta name='ocr-capabilities' content='ocr_page ocr_carea ocr_par ocr_line ocrx_word'/>
</head>
<body>
  <div class='ocr_page' id='page_1' title='image "./decoronaetdefal00voemgoog_0586.png"; bbox 0 0 3084 4938; ppageno 0'>
   <div class='ocr_carea' id='block_1_1' title="bbox 385 1017 431 1054">
    <p class='ocr_par' dir='ltr' id='par_1_1' title="bbox 385 1017 431 1054">
     <span class='ocr_line' id='line_1_1' title="bbox 385 1017 431 1054; baseline 0 0"><span class='ocrx_word' id='word_1_1' title='bbox 385 1017 431 1054; x_wconf 78' lang='grc'>10</span> 
     </span>
    </p>
   </div>
   <div class='ocr_carea' id='block_1_2' title="bbox 465 309 2276 374">
    <p class='ocr_par' dir='ltr' id='par_1_2' title="bbox 465 309 2276 374">
     <span class='ocr_line' id='line_1_2' title="bbox 465 309 2276 374; baseline -0.006 -6"><span class='ocrx_word' id='word_1_2' title='bbox 465 309 585 368; x_wconf 85' lang='lat'>552</span> <span class='ocrx_word' id='word_1_3' title='bbox 611 361 623 374; x_wconf 85' lang='grc'><em>,</em></span> <span class='ocrx_word' id='word_1_4' title='bbox 949 319 1389 363; x_wconf 73' lang='lat' dir='ltr'>Dnuosrnnms</span> <span class='ocrx_word' id='word_1_5' title='bbox 1423 319 1520 363; x_wconf 75' lang='lat' dir='ltr'>on.</span> <span class='ocrx_word' id='word_1_6' title='bbox 1555 321 1638 362; x_wconf 77' lang='lat' dir='ltr'>m:</span> <span class='ocrx_word' id='word_1_7' title='bbox 1667 319 1867 362; x_wconf 60' lang='lat' dir='ltr'>minsa</span> <span class='ocrx_word' id='word_1_8' title='bbox 1896 320 2276 363; x_wconf 70' lang='lat' dir='ltr'>LEGATIONE.</span> 
     </span>
    </p>
   </div>
   <div class='ocr_carea' id='block_1_3' title="bbox 461 468 2775 1275">
    <p class='ocr_par' dir='ltr' id='par_1_3' title="bbox 461 468 2775 1275">
     <span class='ocr_line' id='line_1_3' title="bbox 463 468 2775 566; baseline -0.001 -20"><span class='ocrx_word' id='word_1_9' title='bbox 463 473 850 560; x_wconf 80' lang='grc' dir='ltr'><strong><em>ψεύσασθαι</em></strong></span> <span class='ocrx_word' id='word_1_10' title='bbox 899 477 1011 546; x_wconf 81' lang='grc' dir='ltr'>καὶ</span> <span class='ocrx_word' id='word_1_11' title='bbox 1059 468 1422 566; x_wconf 71' lang='grc' dir='ltr'>προέσθαι2</span> <span class='ocrx_word' id='word_1_12' title='bbox 1459 477 1951 564; x_wconf 77' lang='grc' dir='ltr'><strong><em>δυςτυχούντας</em></strong></span> <span class='ocrx_word' id='word_1_13' title='bbox 1996 470 2401 564; x_wconf 70' lang='grc' dir='ltr'><strong><em>ἀνθρώπους</em></strong></span> <span class='ocrx_word' id='word_1_14' title='bbox 2448 481 2775 564; x_wconf 79' lang='grc' dir='ltr'><strong><em>πολίτας,</em></strong></span> 
     </span>
     <span class='ocr_line' id='line_1_4' title="bbox 465 566 2773 670; baseline -0.001 -22"><span class='ocrx_word' id='word_1_15' title='bbox 465 585 606 670; x_wconf 75' lang='grc' dir='ltr'><strong><em>ἰδίᾳ</em></strong></span> <span class='ocrx_word' id='word_1_16' title='bbox 644 572 710 647; x_wconf 77' lang='grc' dir='ltr'>δ’</span> <span class='ocrx_word' id='word_1_17' title='bbox 753 571 1268 668; x_wconf 66' lang='grc' dir='ltr'>ἐξομοσάμενον3</span> <span class='ocrx_word' id='word_1_18' title='bbox 1302 573 1384 646; x_wconf 82' lang='grc' dir='ltr'>οὐ</span> <span class='ocrx_word' id='word_1_19' title='bbox 1423 575 1604 646; x_wconf 78' lang='grc' dir='ltr'><strong><em>πάνυ</em></strong></span> <span class='ocrx_word' id='word_1_20' title='bbox 1641 573 1844 646; x_wconf 77' lang='grc' dir='ltr'><strong><em>καλὸν</em></strong></span> <span class='ocrx_word' id='word_1_21' title='bbox 1864 569 2059 645; x_wconf 70' lang='grc' dir='ltr'>οὐδ’4</span> <span class='ocrx_word' id='word_1_22' title='bbox 2094 571 2389 665; x_wconf 74' lang='grc' dir='ltr'><strong><em>ἀσφαλὲς</em></strong></span> <span class='ocrx_word' id='word_1_23' title='bbox 2412 566 2499 664; x_wconf 81' lang='grc' dir='ltr'><strong><em>ἦν</em></strong></span> <span class='ocrx_word' id='word_1_24' title='bbox 2525 579 2773 646; x_wconf 70' lang='grc' dir='ltr'><strong><em>ἐκεῖσε</em></strong></span> 
     </span>
     <span class='ocr_line' id='line_1_5' title="bbox 464 673 2767 768; baseline -0.001 -18"><span class='ocrx_word' id='word_1_25' title='bbox 464 681 879 768; x_wconf 76' lang='grc' dir='ltr'><strong><em>πλανᾶσθαι,</em></strong></span> <span class='ocrx_word' id='word_1_26' title='bbox 933 681 1112 766; x_wconf 80' lang='grc' dir='ltr'><strong><em>ἐπεὶ,</em></strong></span> <span class='ocrx_word' id='word_1_27' title='bbox 1164 685 1224 749; x_wconf 85' lang='grc' dir='ltr'>εἰ</span> <span class='ocrx_word' id='word_1_28' title='bbox 1267 675 1357 768; x_wconf 88' lang='grc' dir='ltr'>μὴ</span> <span class='ocrx_word' id='word_1_29' title='bbox 1409 675 1519 747; x_wconf 74' lang='grc' dir='ltr'>διὰ</span> <span class='ocrx_word' id='word_1_30' title='bbox 1566 673 1673 748; x_wconf 46' lang='grc' dir='ltr'>τὰς’</span> <span class='ocrx_word' id='word_1_31' title='bbox 1720 675 1995 758; x_wconf 82' lang='grc' dir='ltr'><em>τούτους</em></span> <span class='ocrx_word' id='word_1_32' title='bbox 2066 675 2437 766; x_wconf 80' lang='grc' dir='ltr'><strong><em>βούλεσθαι</em></strong></span> <span class='ocrx_word' id='word_1_33' title='bbox 2506 682 2767 766; x_wconf 68' lang='grc' dir='ltr'><strong><em>σῶσαι,</em></strong></span> 
     </span>
     <span class='ocr_line' id='line_1_6' title="bbox 466 773 2765 872; baseline -0.001 -21"><span class='ocrx_word' id='word_1_34' title='bbox 466 780 708 870; x_wconf 65' lang='grc' dir='ltr'><strong><em>ἐξώλης</em></strong></span> <span class='ocrx_word' id='word_1_35' title='bbox 745 775 1152 870; x_wconf 58' lang='grc' dir='ltr'><strong><em>ἆπολοίμηνῦ</em></strong></span> <span class='ocrx_word' id='word_1_36' title='bbox 1190 783 1298 850; x_wconf 86' lang='grc' dir='ltr'>καὶ</span> <span class='ocrx_word' id='word_1_37' title='bbox 1334 778 1639 872; x_wconf 72' lang='grc' dir='ltr'><strong><em>προώλης</em></strong></span> <span class='ocrx_word' id='word_1_38' title='bbox 1654 773 1699 866; x_wconf 84' lang='lat'>‚⁷</span> <span class='ocrx_word' id='word_1_39' title='bbox 1741 785 1802 849; x_wconf 78' lang='grc' dir='ltr'>εἰ</span> <span class='ocrx_word' id='word_1_40' title='bbox 1834 773 2265 870; x_wconf 68' lang='grc' dir='ltr'>προςλαβιῑόν8</span> <span class='ocrx_word' id='word_1_41' title='bbox 2296 773 2406 868; x_wconf 71' lang='grc' dir='ltr'>γ’9</span> <span class='ocrx_word' id='word_1_42' title='bbox 2441 775 2591 850; x_wconf 74' lang='grc' dir='ltr'>ἂνιο</span> <span class='ocrx_word' id='word_1_43' title='bbox 2626 776 2765 866; x_wconf 79' lang='grc' dir='ltr'><strong><em>ἀρ·-</em></strong></span> 
     </span>
     <span class='ocr_line' id='line_1_7' title="bbox 463 878 2763 972; baseline -0.001 -19"><span class='ocrx_word' id='word_1_44' title='bbox 463 885 703 972; x_wconf 82' lang='grc' dir='ltr'><strong><em>γύριον</em></strong></span> <span class='ocrx_word' id='word_1_45' title='bbox 761 881 941 952; x_wconf 79' lang='grc' dir='ltr'><strong><em>πάνυ</em></strong></span> <span class='ocrx_word' id='word_1_46' title='bbox 999 879 1169 952; x_wconf 80' lang='grc' dir='ltr'>πολῦ</span> <span class='ocrx_word' id='word_1_47' title='bbox 1239 878 1402 972; x_wconf 72' lang='grc' dir='ltr'><strong><em>μετὰ</em></strong></span> <span class='ocrx_word' id='word_1_48' title='bbox 1471 879 1727 951; x_wconf 79' lang='grc' dir='ltr'><strong><em>τούτων</em></strong></span> <span class='ocrx_word' id='word_1_49' title='bbox 1799 883 2227 970; x_wconf 78' lang='grc' dir='ltr'><strong><em>ἐπρέσβευσα.</em></strong></span> <span class='ocrx_word' id='word_1_50' title='bbox 2319 897 2595 970; x_wconf 71' lang='grc' dir='ltr'><strong><em>σημεῖον</em></strong></span> <span class='ocrx_word' id='word_1_51' title='bbox 2646 884 2763 951; x_wconf 80' lang='grc' dir='ltr'>δέ.</span> 
     </span>
     <span class='ocr_line' id='line_1_8' title="bbox 467 978 2765 1118; baseline -0 -64"><span class='ocrx_word' id='word_1_52' title='bbox 467 978 630 1055; x_wconf 59' lang='lat' dir='ltr'>guin</span> <span class='ocrx_word' id='word_1_53' title='bbox 668 981 795 1073; x_wconf 71' lang='grc' dir='ltr'><strong><em>γὰρ</em></strong></span> <span class='ocrx_word' id='word_1_54' title='bbox 831 980 954 1072; x_wconf 85' lang='grc' dir='ltr'><strong><em>τὴν</em></strong></span> <span class='ocrx_word' id='word_1_55' title='bbox 989 991 1218 1073; x_wconf 81' lang='grc' dir='ltr'><strong><em>τρίτην</em></strong></span> <span class='ocrx_word' id='word_1_56' title='bbox 1252 989 1614 1072; x_wconf 83' lang='grc' dir='ltr'><strong><em>πρεσβείαν</em></strong></span> <span class='ocrx_word' id='word_1_57' title='bbox 1654 989 1756 1063; x_wconf 80' lang='grc' dir='ltr'>δίς</span> <span class='ocrx_word' id='word_1_58' title='bbox 1790 1010 1873 1073; x_wconf 84' lang='grc' dir='ltr'>με</span> <span class='ocrx_word' id='word_1_59' title='bbox 1908 979 2516 1118; x_wconf 78' lang='grc' dir='ltr'><strong><em>χειροτονησάντων</em></strong></span> <span class='ocrx_word' id='word_1_60' title='bbox 2549 978 2765 1072; x_wconf 71' lang='grc' dir='ltr'><strong><em>ὑμῶν</em></strong></span> 
     </span>
     <span class='ocr_line' id='line_1_9' title="bbox 467 1077 2762 1174; baseline -0.001 -18"><span class='ocrx_word' id='word_1_61' title='bbox 467 1089 569 1167; x_wconf 78' lang='grc' dir='ltr'>δὶς</span> <span class='ocrx_word' id='word_1_62' title='bbox 609 1083 1051 1174; x_wconf 75' lang='grc' dir='ltr'><strong><em>ἐξωμοσάμην.</em></strong></span> <span class='ocrx_word' id='word_1_63' title='bbox 1125 1086 1235 1154; x_wconf 82' lang='grc' dir='ltr'>καὶ</span> <span class='ocrx_word' id='word_1_64' title='bbox 1250 1078 1300 1117; x_wconf 84' lang='lat'>¹²</span> <span class='ocrx_word' id='word_1_65' title='bbox 1347 1081 1524 1174; x_wconf 77' lang='grc' dir='ltr'><strong><em>παρὰ</em></strong></span> <span class='ocrx_word' id='word_1_66' title='bbox 1570 1082 1823 1172; x_wconf 86' lang='grc' dir='ltr'><strong><em>ταύτην</em></strong></span> <span class='ocrx_word' id='word_1_67' title='bbox 1868 1079 2021 1172; x_wconf 80' lang='grc' dir='ltr'>τὴνΙ</span> <span class='ocrx_word' id='word_1_68' title='bbox 2028 1077 2477 1174; x_wconf 54' lang='grc' dir='ltr'><strong><em>Βᾶποὸημίαν</em></strong></span> <span class='ocrx_word' id='word_1_69' title='bbox 2522 1083 2762 1156; x_wconf 73' lang='grc' dir='ltr'><strong><em>πάντα</em></strong></span> 
     </span>
     <span class='ocr_line' id='line_1_10' title="bbox 461 1181 1200 1275; baseline -0.002 -17"><span class='ocrx_word' id='word_1_70' title='bbox 461 1182 764 1258; x_wconf 75' lang='grc' dir='ltr'><strong><em>τάναντί’</em></strong></span> <span class='ocrx_word' id='word_1_71' title='bbox 805 1181 1200 1275; x_wconf 68' lang='grc' dir='ltr'>ἔπραττον.41</span> 
     </span>
    </p>
   </div>
   <div class='ocr_carea' id='block_1_4' title="bbox 507 1293 2751 1395">
    <p class='ocr_par' dir='ltr' id='par_1_4' title="bbox 507 1293 2751 1395">
     <span class='ocr_line' id='line_1_11' title="bbox 507 1293 2751 1395; baseline 0 -22"><span class='ocrx_word' id='word_1_72' title='bbox 507 1303 518 1314; x_wconf 75' lang='lat'>&#39;</span> <span class='ocrx_word' id='word_1_73' title='bbox 623 1315 696 1374; x_wconf 87' lang='grc'>17</span> <span class='ocrx_word' id='word_1_74' title='bbox 703 1313 760 1376; x_wconf 87' lang='grc'>3.</span> <span class='ocrx_word' id='word_1_75' title='bbox 809 1294 930 1376; x_wconf 72' lang='grc' dir='ltr'><strong><em>Ὧν</em></strong></span> <span class='ocrx_word' id='word_1_76' title='bbox 975 1305 1100 1395; x_wconf 71' lang='grc' dir='ltr'><strong><em>μὲν</em></strong></span> <span class='ocrx_word' id='word_1_77' title='bbox 1143 1310 1376 1376; x_wconf 82' lang='grc' dir='ltr'><strong><em>τοίνυν</em></strong></span> <span class='ocrx_word' id='word_1_78' title='bbox 1423 1299 1851 1392; x_wconf 76' lang='grc' dir='ltr'><strong><em>αὐτοκράτωρ</em></strong></span> <span class='ocrx_word' id='word_1_79' title='bbox 1896 1293 1983 1392; x_wconf 85' lang='grc' dir='ltr'><strong><em>ἦν</em></strong></span> <span class='ocrx_word' id='word_1_80' title='bbox 2032 1300 2160 1392; x_wconf 78' lang='grc' dir='ltr'>ἐγω</span> <span class='ocrx_word' id='word_1_81' title='bbox 2208 1300 2373 1372; x_wconf 76' lang='grc' dir='ltr'><strong><em>κατὰ</em></strong></span> <span class='ocrx_word' id='word_1_82' title='bbox 2417 1301 2541 1390; x_wconf 73' lang='grc' dir='ltr'><strong><em>τὴν</em></strong></span> <span class='ocrx_word' id='word_1_83' title='bbox 2585 1330 2751 1392; x_wconf 84' lang='grc' dir='ltr'><strong><em>πρε-</em></strong></span> 
     </span>
    </p>
   </div>
   <div class='ocr_carea' id='block_1_5' title="bbox 461 1506 2751 2006">
    <p class='ocr_par' dir='ltr' id='par_1_5' title="bbox 461 1506 2751 2006">
     <span class='ocr_line' id='line_1_12' title="bbox 461 1506 2751 1584; baseline -0.001 -20"><span class='ocrx_word' id='word_1_84' title='bbox 461 1507 746 1574; x_wconf 77' lang='lat' dir='ltr'>lamitosos</span> <span class='ocrx_word' id='word_1_85' title='bbox 791 1511 962 1572; x_wconf 88' lang='lat' dir='ltr'>cives,</span> <span class='ocrx_word' id='word_1_86' title='bbox 1005 1525 1180 1584; x_wconf 89' lang='lat' dir='ltr'>neque</span> <span class='ocrx_word' id='word_1_87' title='bbox 1220 1523 1347 1563; x_wconf 86' lang='lat' dir='ltr'>vero</span> <span class='ocrx_word' id='word_1_88' title='bbox 1390 1508 1677 1564; x_wconf 81' lang='lat' dir='ltr'><strong>admodum</strong></span> <span class='ocrx_word' id='word_1_89' title='bbox 1721 1508 2007 1563; x_wconf 86' lang='lat' dir='ltr'>honestum</span> <span class='ocrx_word' id='word_1_90' title='bbox 2054 1515 2147 1563; x_wconf 80' lang='lat' dir='ltr'>aut</span> <span class='ocrx_word' id='word_1_91' title='bbox 2180 1514 2355 1562; x_wconf 88' lang='lat' dir='ltr'>tutum</span> <span class='ocrx_word' id='word_1_92' title='bbox 2387 1514 2529 1569; x_wconf 79' lang='lat' dir='ltr'>erat,</span> <span class='ocrx_word' id='word_1_93' title='bbox 2562 1506 2751 1562; x_wconf 88' lang='lat' dir='ltr'>detre-</span> 
     </span>
     <span class='ocr_line' id='line_1_13' title="bbox 463 1591 2745 1672; baseline -0.002 -22"><span class='ocrx_word' id='word_1_94' title='bbox 463 1601 606 1672; x_wconf 74' lang='lat' dir='ltr'>ctata</span> <span class='ocrx_word' id='word_1_95' title='bbox 650 1593 920 1666; x_wconf 78' lang='lat' dir='ltr'><strong>legatione</strong></span> <span class='ocrx_word' id='word_1_96' title='bbox 963 1597 1230 1668; x_wconf 83' lang='lat' dir='ltr'>privatum</span> <span class='ocrx_word' id='word_1_97' title='bbox 1270 1591 1401 1648; x_wconf 90' lang='lat' dir='ltr'>illuc</span> <span class='ocrx_word' id='word_1_98' title='bbox 1441 1594 1641 1666; x_wconf 80' lang='lat' dir='ltr'>vagari.</span> <span class='ocrx_word' id='word_1_99' title='bbox 1702 1610 1823 1648; x_wconf 76' lang='lat' dir='ltr'>nam</span> <span class='ocrx_word' id='word_1_100' title='bbox 1866 1593 1972 1648; x_wconf 87' lang='lat' dir='ltr'>nisi</span> <span class='ocrx_word' id='word_1_101' title='bbox 2013 1591 2139 1647; x_wconf 88' lang='lat' dir='ltr'>illos</span> <span class='ocrx_word' id='word_1_102' title='bbox 2184 1607 2399 1647; x_wconf 80' lang='lat' dir='ltr'>servare</span> <span class='ocrx_word' id='word_1_103' title='bbox 2428 1591 2745 1652; x_wconf 82' lang='lat' dir='ltr'>voluissem,</span> 
     </span>
     <span class='ocr_line' id='line_1_14' title="bbox 464 1675 2747 1754; baseline -0.001 -20"><span class='ocrx_word' id='word_1_104' title='bbox 464 1678 534 1735; x_wconf 82' lang='lat' dir='ltr'>dii</span> <span class='ocrx_word' id='word_1_105' title='bbox 580 1695 664 1734; x_wconf 89' lang='lat' dir='ltr'>me</span> <span class='ocrx_word' id='word_1_106' title='bbox 703 1679 934 1754; x_wconf 78' lang='lat' dir='ltr'>perdant</span> <span class='ocrx_word' id='word_1_107' title='bbox 975 1687 1030 1734; x_wconf 89' lang='lat' dir='ltr'>et</span> <span class='ocrx_word' id='word_1_108' title='bbox 1072 1678 1371 1740; x_wconf 80' lang='lat' dir='ltr'>eradicent.</span> <span class='ocrx_word' id='word_1_109' title='bbox 1418 1678 1464 1734; x_wconf 90' lang='lat' dir='ltr'>si</span> <span class='ocrx_word' id='word_1_110' title='bbox 1508 1677 1610 1732; x_wconf 89' lang='lat' dir='ltr'>sub</span> <span class='ocrx_word' id='word_1_111' title='bbox 1661 1677 1971 1734; x_wconf 87' lang='lat' dir='ltr'>conditione</span> <span class='ocrx_word' id='word_1_112' title='bbox 2019 1684 2269 1750; x_wconf 77' lang='lat' dir='ltr'>acceptae</span> <span class='ocrx_word' id='word_1_113' title='bbox 2320 1675 2535 1750; x_wconf 85' lang='lat' dir='ltr'>quidem</span> <span class='ocrx_word' id='word_1_114' title='bbox 2591 1675 2747 1732; x_wconf 79' lang='lat' dir='ltr'>valde</span> 
     </span>
     <span class='ocr_line' id='line_1_15' title="bbox 463 1760 2743 1838; baseline -0.001 -20"><span class='ocrx_word' id='word_1_115' title='bbox 463 1780 691 1836; x_wconf 77' lang='lat' dir='ltr'>magnae</span> <span class='ocrx_word' id='word_1_116' title='bbox 731 1767 992 1838; x_wconf 83' lang='lat' dir='ltr'>pecuniae</span> <span class='ocrx_word' id='word_1_117' title='bbox 1037 1765 1267 1819; x_wconf 88' lang='lat' dir='ltr'>istorum</span> <span class='ocrx_word' id='word_1_118' title='bbox 1315 1765 1368 1818; x_wconf 90' lang='lat' dir='ltr'>in</span> <span class='ocrx_word' id='word_1_119' title='bbox 1400 1762 1673 1836; x_wconf 79' lang='lat' dir='ltr'>legatione</span> <span class='ocrx_word' id='word_1_120' title='bbox 1704 1760 1911 1834; x_wconf 76' lang='lat' dir='ltr'>collega</span> <span class='ocrx_word' id='word_1_121' title='bbox 1945 1762 2194 1822; x_wconf 80' lang='lat' dir='ltr'>fuissem,</span> <span class='ocrx_word' id='word_1_122' title='bbox 2228 1763 2385 1816; x_wconf 88' lang='lat' dir='ltr'>cuius</span> <span class='ocrx_word' id='word_1_123' title='bbox 2416 1763 2493 1816; x_wconf 89' lang='lat' dir='ltr'>rei</span> <span class='ocrx_word' id='word_1_124' title='bbox 2527 1762 2743 1832; x_wconf 81' lang='lat' dir='ltr'>signum</span> 
     </span>
     <span class='ocr_line' id='line_1_16' title="bbox 465 1845 2745 1922; baseline -0.002 -18"><span class='ocrx_word' id='word_1_125' title='bbox 465 1849 570 1905; x_wconf 88' lang='lat' dir='ltr'>hoc</span> <span class='ocrx_word' id='word_1_126' title='bbox 605 1857 716 1910; x_wconf 83' lang='lat' dir='ltr'>est,</span> <span class='ocrx_word' id='word_1_127' title='bbox 751 1849 896 1922; x_wconf 91' lang='lat' dir='ltr'>quod</span> <span class='ocrx_word' id='word_1_128' title='bbox 928 1849 992 1904; x_wconf 78' lang='lat' dir='ltr'>ad</span> <span class='ocrx_word' id='word_1_129' title='bbox 1027 1850 1237 1904; x_wconf 80' lang='lat' dir='ltr'>tertiam</span> <span class='ocrx_word' id='word_1_130' title='bbox 1268 1847 1592 1920; x_wconf 76' lang='lat' dir='ltr'>legationem</span> <span class='ocrx_word' id='word_1_131' title='bbox 1622 1846 1707 1902; x_wconf 88' lang='lat' dir='ltr'>his</span> <span class='ocrx_word' id='word_1_132' title='bbox 1738 1846 1980 1916; x_wconf 82' lang='lat' dir='ltr'>delectus</span> <span class='ocrx_word' id='word_1_133' title='bbox 2010 1863 2039 1901; x_wconf 82' lang='lat' dir='ltr'>a</span> <span class='ocrx_word' id='word_1_134' title='bbox 2070 1845 2249 1906; x_wconf 79' lang='lat' dir='ltr'>vobis,</span> <span class='ocrx_word' id='word_1_135' title='bbox 2281 1845 2366 1900; x_wconf 81' lang='lat' dir='ltr'>his</span> <span class='ocrx_word' id='word_1_136' title='bbox 2398 1845 2745 1900; x_wconf 78' lang='lat' dir='ltr'>iureiurando</span> 
     </span>
     <span class='ocr_line' id='line_1_17' title="bbox 465 1931 2167 2006; baseline -0.002 -18"><span class='ocrx_word' id='word_1_137' title='bbox 465 1935 727 1989; x_wconf 82' lang='lat' dir='ltr'>recusavi.</span> <span class='ocrx_word' id='word_1_138' title='bbox 773 1941 828 1988; x_wconf 92' lang='lat' dir='ltr'>et</span> <span class='ocrx_word' id='word_1_139' title='bbox 858 1935 912 1988; x_wconf 92' lang='lat' dir='ltr'>in</span> <span class='ocrx_word' id='word_1_140' title='bbox 942 1932 1035 1988; x_wconf 80' lang='lat' dir='ltr'>illa</span> <span class='ocrx_word' id='word_1_141' title='bbox 1066 1932 1403 2006; x_wconf 76' lang='lat' dir='ltr'>profectione</span> <span class='ocrx_word' id='word_1_142' title='bbox 1436 1933 1615 1988; x_wconf 83' lang='lat' dir='ltr'>omnia</span> <span class='ocrx_word' id='word_1_143' title='bbox 1644 1933 1712 1987; x_wconf 90' lang='lat' dir='ltr'>iis</span> <span class='ocrx_word' id='word_1_144' title='bbox 1743 1932 2015 1988; x_wconf 81' lang='lat' dir='ltr'>contraria</span> <span class='ocrx_word' id='word_1_145' title='bbox 2046 1931 2167 1986; x_wconf 81' lang='lat' dir='ltr'>leci.</span> 
     </span>
    </p>
   </div>
   <div class='ocr_carea' id='block_1_6' title="bbox 636 2029 2746 2104">
    <p class='ocr_par' dir='ltr' id='par_1_6' title="bbox 636 2029 2746 2104">
     <span class='ocr_line' id='line_1_18' title="bbox 636 2029 2746 2104; baseline 0 -19"><span class='ocrx_word' id='word_1_146' title='bbox 636 2035 754 2087; x_wconf 86' lang='lat'>173.</span> <span class='ocrx_word' id='word_1_147' title='bbox 801 2032 948 2101; x_wconf 82' lang='lat' dir='ltr'>Quae</span> <span class='ocrx_word' id='word_1_148' title='bbox 989 2034 1158 2104; x_wconf 84' lang='lat' dir='ltr'>igitur</span> <span class='ocrx_word' id='word_1_149' title='bbox 1188 2034 1240 2087; x_wconf 91' lang='lat' dir='ltr'>in</span> <span class='ocrx_word' id='word_1_150' title='bbox 1273 2032 1546 2104; x_wconf 78' lang='lat' dir='ltr'>legatione</span> <span class='ocrx_word' id='word_1_151' title='bbox 1576 2033 1679 2087; x_wconf 87' lang='lat' dir='ltr'>mei</span> <span class='ocrx_word' id='word_1_152' title='bbox 1710 2031 1922 2088; x_wconf 86' lang='lat' dir='ltr'>arbitrii</span> <span class='ocrx_word' id='word_1_153' title='bbox 1950 2039 2132 2092; x_wconf 77' lang='lat' dir='ltr'>erant,</span> <span class='ocrx_word' id='word_1_154' title='bbox 2177 2033 2231 2087; x_wconf 87' lang='lat' dir='ltr'>in</span> <span class='ocrx_word' id='word_1_155' title='bbox 2261 2031 2406 2087; x_wconf 86' lang='lat' dir='ltr'>hunc</span> <span class='ocrx_word' id='word_1_156' title='bbox 2435 2047 2495 2086; x_wconf 87' lang='lat' dir='ltr'>se</span> <span class='ocrx_word' id='word_1_157' title='bbox 2524 2029 2746 2086; x_wconf 88' lang='lat' dir='ltr'>modum</span> 
     </span>
    </p>
   </div>
   <div class='ocr_carea' id='block_1_7' title="bbox 467 2200 639 2207">
    <p class='ocr_par' dir='ltr' id='par_1_7' title="bbox 467 2200 639 2207">
     <span class='ocr_line' id='line_1_19' title="bbox 467 2200 639 2207; baseline -0.006 0"><span class='ocrx_word' id='word_1_158' title='bbox 467 2200 639 2207; x_wconf 76' lang='lat'>..—</span> 
     </span>
    </p>
   </div>
   <div class='ocr_carea' id='block_1_8' title="bbox 648 2199 862 2208">
    <p class='ocr_par' dir='ltr' id='par_1_8' title="bbox 648 2199 862 2208">
     <span class='ocr_line' id='line_1_20' title="bbox 648 2199 862 2208; baseline 0 2730"><span class='ocrx_word' id='word_1_159' title='bbox 648 2199 862 2208; x_wconf 95' lang='lat' dir='ltr'> </span> 
     </span>
    </p>
   </div>
   <div class='ocr_carea' id='block_1_9' title="bbox 464 2312 2748 4402">
    <p class='ocr_par' dir='ltr' id='par_1_9' title="bbox 464 2312 2748 4402">
     <span class='ocr_line' id='line_1_21' title="bbox 464 2312 2745 2369; baseline 0 -5"><span class='ocrx_word' id='word_1_160' title='bbox 464 2315 671 2369; x_wconf 82' lang='lat' dir='ltr'>LaurS.</span> <span class='ocrx_word' id='word_1_161' title='bbox 707 2312 784 2368; x_wconf 85' lang='grc' dir='ltr'>Ω.</span> <span class='ocrx_word' id='word_1_162' title='bbox 822 2315 882 2365; x_wconf 76' lang='lat' dir='ltr'>F.</span> <span class='ocrx_word' id='word_1_163' title='bbox 927 2313 989 2368; x_wconf 69' lang='lat'>¹1⁵.</span> <span class='ocrx_word' id='word_1_164' title='bbox 1028 2313 1092 2365; x_wconf 87' lang='grc' dir='ltr'>Φ.</span> <span class='ocrx_word' id='word_1_165' title='bbox 1129 2331 1174 2368; x_wconf 76' lang='lat'>3.</span> <span class='ocrx_word' id='word_1_166' title='bbox 1213 2323 1250 2365; x_wconf 82' lang='lat' dir='ltr'>t.</span> <span class='ocrx_word' id='word_1_167' title='bbox 1289 2332 1336 2367; x_wconf 82' lang='lat' dir='ltr'>u.</span> <span class='ocrx_word' id='word_1_168' title='bbox 1375 2332 1418 2365; x_wconf 87' lang='lat' dir='ltr'>v.</span> <span class='ocrx_word' id='word_1_169' title='bbox 1455 2315 1648 2365; x_wconf 87' lang='lat' dir='ltr'>Vindl.</span> <span class='ocrx_word' id='word_1_170' title='bbox 1676 2316 1724 2366; x_wconf 86' lang='lat'>3.</span> <span class='ocrx_word' id='word_1_171' title='bbox 1754 2316 1801 2366; x_wconf 89' lang='lat'>7.</span> <span class='ocrx_word' id='word_1_172' title='bbox 1838 2313 2038 2364; x_wconf 84' lang='lat' dir='ltr'>Laur8.</span> <span class='ocrx_word' id='word_1_173' title='bbox 2079 2313 2151 2364; x_wconf 90' lang='grc' dir='ltr'>Π.</span> <span class='ocrx_word' id='word_1_174' title='bbox 2190 2313 2371 2364; x_wconf 85' lang='lat' dir='ltr'>Schol.</span> <span class='ocrx_word' id='word_1_175' title='bbox 2410 2329 2513 2364; x_wconf 82' lang='lat' dir='ltr'>non</span> <span class='ocrx_word' id='word_1_176' title='bbox 2552 2330 2745 2365; x_wconf 80' lang='lat' dir='ltr'>neces-</span> 
     </span>
     <span class='ocr_line' id='line_1_22' title="bbox 464 2390 2742 2466; baseline -0 -17"><span class='ocrx_word' id='word_1_177' title='bbox 464 2400 669 2450; x_wconf 80' lang='lat' dir='ltr'>sariam</span> <span class='ocrx_word' id='word_1_178' title='bbox 705 2405 832 2465; x_wconf 86' lang='lat' dir='ltr'>post</span> <span class='ocrx_word' id='word_1_179' title='bbox 869 2391 1090 2462; x_wconf 81' lang='grc' dir='ltr'><strong><em>δεινόν,</em></strong></span> <span class='ocrx_word' id='word_1_180' title='bbox 1147 2401 1315 2450; x_wconf 83' lang='lat' dir='ltr'>facile</span> <span class='ocrx_word' id='word_1_181' title='bbox 1355 2401 1496 2450; x_wconf 88' lang='lat' dir='ltr'>enim</span> <span class='ocrx_word' id='word_1_182' title='bbox 1536 2401 1763 2466; x_wconf 79' lang='lat' dir='ltr'>quisque</span> <span class='ocrx_word' id='word_1_183' title='bbox 1801 2399 2020 2464; x_wconf 85' lang='lat' dir='ltr'>supplet</span> <span class='ocrx_word' id='word_1_184' title='bbox 2056 2390 2208 2451; x_wconf 76' lang='grc' dir='ltr'><strong><em>ἐστίν</em></strong></span> <span class='ocrx_word' id='word_1_185' title='bbox 2244 2399 2493 2464; x_wconf 78' lang='lat' dir='ltr'>inprimis</span> <span class='ocrx_word' id='word_1_186' title='bbox 2528 2398 2585 2447; x_wconf 90' lang='lat' dir='ltr'>in</span> <span class='ocrx_word' id='word_1_187' title='bbox 2618 2413 2742 2448; x_wconf 78' lang='lat' dir='ltr'>een-</span> 
     </span>
     <span class='ocr_line' id='line_1_23' title="bbox 464 2482 2744 2549; baseline -0.001 -15"><span class='ocrx_word' id='word_1_188' title='bbox 464 2486 642 2535; x_wconf 83' lang='lat' dir='ltr'>tentia</span> <span class='ocrx_word' id='word_1_189' title='bbox 681 2486 970 2538; x_wconf 86' lang='lat' dir='ltr'>communi.</span> <span class='ocrx_word' id='word_1_190' title='bbox 1043 2485 1130 2536; x_wconf 81' lang='lat' dir='ltr'>cf.</span> <span class='ocrx_word' id='word_1_191' title='bbox 1167 2487 1247 2547; x_wconf 62' lang='grc' dir='ltr'>ἐξ.</span> <span class='ocrx_word' id='word_1_192' title='bbox 1288 2484 1400 2535; x_wconf 81' lang='lat'>146.</span> <span class='ocrx_word' id='word_1_193' title='bbox 1448 2484 1566 2536; x_wconf 78' lang='lat'>226.</span> <span class='ocrx_word' id='word_1_194' title='bbox 1628 2485 1767 2535; x_wconf 92' lang='lat' dir='ltr'>Phil.</span> <span class='ocrx_word' id='word_1_195' title='bbox 1809 2484 1891 2534; x_wconf 92' lang='lat'>111</span> <span class='ocrx_word' id='word_1_196' title='bbox 1926 2487 1973 2546; x_wconf 68' lang='grc' dir='ltr'>ξ.</span> <span class='ocrx_word' id='word_1_197' title='bbox 2011 2484 2093 2534; x_wconf 85' lang='grc'>55.</span> <span class='ocrx_word' id='word_1_198' title='bbox 2154 2482 2275 2533; x_wconf 85' lang='lat' dir='ltr'>Cor.</span> <span class='ocrx_word' id='word_1_199' title='bbox 2314 2484 2361 2545; x_wconf 67' lang='lat'>§-</span> <span class='ocrx_word' id='word_1_200' title='bbox 2408 2482 2518 2533; x_wconf 81' lang='lat'>139.</span> <span class='ocrx_word' id='word_1_201' title='bbox 2580 2485 2744 2549; x_wconf 85' lang='lat' dir='ltr'>Lept.</span> 
     </span>
     <span class='ocr_line' id='line_1_24' title="bbox 465 2556 2742 2635; baseline -0.001 -16"><span class='ocrx_word' id='word_1_202' title='bbox 465 2570 511 2629; x_wconf 67' lang='lat'>§-</span> <span class='ocrx_word' id='word_1_203' title='bbox 557 2568 678 2621; x_wconf 84' lang='lat'>156:</span> <span class='ocrx_word' id='word_1_204' title='bbox 717 2568 838 2627; x_wconf 76' lang='grc' dir='ltr'>πῶς</span> <span class='ocrx_word' id='word_1_205' title='bbox 873 2556 980 2621; x_wconf 77' lang='grc' dir='ltr'><strong><em>οὖν</em></strong></span> <span class='ocrx_word' id='word_1_206' title='bbox 1015 2558 1084 2621; x_wconf 73' lang='grc' dir='ltr'>οὗ</span> <span class='ocrx_word' id='word_1_207' title='bbox 1119 2563 1374 2635; x_wconf 81' lang='grc' dir='ltr'><strong><em>σχέτλιον</em></strong></span> <span class='ocrx_word' id='word_1_208' title='bbox 1409 2568 1507 2621; x_wconf 76' lang='grc' dir='ltr'>καὶ</span> <span class='ocrx_word' id='word_1_209' title='bbox 1546 2564 1768 2629; x_wconf 80' lang='grc' dir='ltr'><strong><em>δεινόν,</em></strong></span> <span class='ocrx_word' id='word_1_210' title='bbox 1808 2562 1863 2617; x_wconf 81' lang='grc' dir='ltr'>εἰ</span> <span class='ocrx_word' id='word_1_211' title='bbox 1898 2572 2003 2617; x_wconf 83' lang='lat' dir='ltr'>etc.</span> <span class='ocrx_word' id='word_1_212' title='bbox 2045 2567 2218 2633; x_wconf 78' lang='lat' dir='ltr'>Epist.</span> <span class='ocrx_word' id='word_1_213' title='bbox 2256 2568 2399 2617; x_wconf 88' lang='lat' dir='ltr'>Phil.</span> <span class='ocrx_word' id='word_1_214' title='bbox 2438 2569 2484 2629; x_wconf 70' lang='lat'>5.</span> <span class='ocrx_word' id='word_1_215' title='bbox 2523 2569 2573 2625; x_wconf 75' lang='lat'>4.</span> <span class='ocrx_word' id='word_1_216' title='bbox 2612 2568 2742 2617; x_wconf 81' lang='lat' dir='ltr'>Pla·</span> 
     </span>
     <span class='ocr_line' id='line_1_25' title="bbox 465 2646 2748 2719; baseline -0 -17"><span class='ocrx_word' id='word_1_217' title='bbox 465 2659 578 2703; x_wconf 92' lang='lat' dir='ltr'>ton.</span> <span class='ocrx_word' id='word_1_218' title='bbox 617 2654 910 2705; x_wconf 83' lang='lat' dir='ltr'>Theaetet.</span> <span class='ocrx_word' id='word_1_219' title='bbox 949 2672 1007 2719; x_wconf 90' lang='lat' dir='ltr'>p.</span> <span class='ocrx_word' id='word_1_220' title='bbox 1047 2652 1142 2702; x_wconf 77' lang='lat'>184</span> <span class='ocrx_word' id='word_1_221' title='bbox 1177 2656 1256 2703; x_wconf 91' lang='lat' dir='ltr'>D:</span> <span class='ocrx_word' id='word_1_222' title='bbox 1317 2646 1528 2705; x_wconf 79' lang='grc' dir='ltr'><strong><em>Δεινὸν</em></strong></span> <span class='ocrx_word' id='word_1_223' title='bbox 1564 2648 1671 2716; x_wconf 74' lang='grc' dir='ltr'><strong><em>γάρ</em></strong></span> <span class='ocrx_word' id='word_1_224' title='bbox 1708 2666 1849 2713; x_wconf 82' lang='grc' dir='ltr'><strong><em>που,</em></strong></span> <span class='ocrx_word' id='word_1_225' title='bbox 1902 2646 1971 2701; x_wconf 79' lang='grc' dir='ltr'>εἰ.</span> <span class='ocrx_word' id='word_1_226' title='bbox 2010 2658 2067 2702; x_wconf 92' lang='lat' dir='ltr'>et</span> <span class='ocrx_word' id='word_1_227' title='bbox 2102 2653 2328 2717; x_wconf 74' lang='lat' dir='ltr'>passim.</span> <span class='ocrx_word' id='word_1_228' title='bbox 2399 2652 2583 2702; x_wconf 83' lang='lat' dir='ltr'>Etiam</span> <span class='ocrx_word' id='word_1_229' title='bbox 2619 2659 2748 2718; x_wconf 81' lang='lat' dir='ltr'>post</span> 
     </span>
     <span class='ocr_line' id='line_1_26' title="bbox 467 2728 2748 2802; baseline -0.001 -15"><span class='ocrx_word' id='word_1_230' title='bbox 467 2733 610 2801; x_wconf 76' lang='grc' dir='ltr'><strong><em>φησὶ</em></strong></span> <span class='ocrx_word' id='word_1_231' title='bbox 649 2742 704 2787; x_wconf 89' lang='lat' dir='ltr'>et</span> <span class='ocrx_word' id='word_1_232' title='bbox 741 2738 1042 2788; x_wconf 86' lang='lat' dir='ltr'>orationem</span> <span class='ocrx_word' id='word_1_233' title='bbox 1081 2736 1377 2801; x_wconf 87' lang='lat' dir='ltr'>obliquam,</span> <span class='ocrx_word' id='word_1_234' title='bbox 1417 2737 1510 2785; x_wconf 91' lang='lat' dir='ltr'>ubi</span> <span class='ocrx_word' id='word_1_235' title='bbox 1550 2728 1701 2785; x_wconf 81' lang='grc' dir='ltr'><strong><em>εἶναι</em></strong></span> <span class='ocrx_word' id='word_1_236' title='bbox 1738 2736 2115 2802; x_wconf 75' lang='lat' dir='ltr'>supplendum,</span> <span class='ocrx_word' id='word_1_237' title='bbox 2156 2737 2263 2786; x_wconf 76' lang='lat' dir='ltr'>nisi</span> <span class='ocrx_word' id='word_1_238' title='bbox 2299 2738 2525 2787; x_wconf 83' lang='lat' dir='ltr'>transiit</span> <span class='ocrx_word' id='word_1_239' title='bbox 2559 2742 2748 2786; x_wconf 85' lang='lat' dir='ltr'>orator</span> 
     </span>
     <span class='ocr_line' id='line_1_27' title="bbox 466 2808 2748 2885; baseline 0.001 -16"><span class='ocrx_word' id='word_1_240' title='bbox 466 2820 522 2869; x_wconf 90' lang='lat' dir='ltr'>in</span> <span class='ocrx_word' id='word_1_241' title='bbox 569 2826 778 2871; x_wconf 82' lang='lat' dir='ltr'>rectam</span> <span class='ocrx_word' id='word_1_242' title='bbox 827 2822 1146 2870; x_wconf 82' lang='lat' dir='ltr'>orationem.</span> <span class='ocrx_word' id='word_1_243' title='bbox 1217 2820 1519 2883; x_wconf 82' lang='lat' dir='ltr'>Dionysod.</span> <span class='ocrx_word' id='word_1_244' title='bbox 1568 2820 1615 2880; x_wconf 72' lang='lat'>§-</span> <span class='ocrx_word' id='word_1_245' title='bbox 1652 2821 1744 2869; x_wconf 77' lang='lat'>22:</span> <span class='ocrx_word' id='word_1_246' title='bbox 1808 2816 1950 2885; x_wconf 79' lang='grc' dir='ltr'><strong><em>φησὶ</em></strong></span> <span class='ocrx_word' id='word_1_247' title='bbox 1996 2813 2105 2885; x_wconf 71' lang='grc' dir='ltr'><strong><em>γὰρ</em></strong></span> <span class='ocrx_word' id='word_1_248' title='bbox 2143 2826 2250 2873; x_wconf 88' lang='lat' dir='ltr'>ete.</span> <span class='ocrx_word' id='word_1_249' title='bbox 2291 2816 2486 2871; x_wconf 80' lang='grc' dir='ltr'><strong><em>δεινὸν</em></strong></span> <span class='ocrx_word' id='word_1_250' title='bbox 2521 2808 2652 2883; x_wconf 78' lang='grc' dir='ltr'><strong><em>οὖν,</em></strong></span> <span class='ocrx_word' id='word_1_251' title='bbox 2692 2814 2748 2871; x_wconf 75' lang='grc' dir='ltr'>εἰ</span> 
     </span>
     <span class='ocr_line' id='line_1_28' title="bbox 466 2896 2745 2969; baseline 0 -16"><span class='ocrx_word' id='word_1_252' title='bbox 466 2896 634 2968; x_wconf 77' lang='grc' dir='ltr'><strong><em>ἡμεῖς</em></strong></span> <span class='ocrx_word' id='word_1_253' title='bbox 670 2898 747 2969; x_wconf 84' lang='grc' dir='ltr'>μὴ</span> <span class='ocrx_word' id='word_1_254' title='bbox 797 2896 1248 2968; x_wconf 77' lang='grc' dir='ltr'><strong><em>συγχωρήσομεν.</em></strong></span> <span class='ocrx_word' id='word_1_255' title='bbox 1321 2903 1497 2969; x_wconf 86' lang='lat' dir='ltr'>Supra</span> <span class='ocrx_word' id='word_1_256' title='bbox 1535 2906 1582 2965; x_wconf 76' lang='lat' dir='ltr'>S.</span> <span class='ocrx_word' id='word_1_257' title='bbox 1622 2902 1713 2953; x_wconf 83' lang='lat'>65:</span> <span class='ocrx_word' id='word_1_258' title='bbox 1777 2898 1974 2967; x_wconf 77' lang='grc' dir='ltr'><strong><em>θέαμα</em></strong></span> <span class='ocrx_word' id='word_1_259' title='bbox 2024 2898 2217 2955; x_wconf 81' lang='grc' dir='ltr'><strong><em>δεινὸν</em></strong></span> <span class='ocrx_word' id='word_1_260' title='bbox 2254 2942 2266 2953; x_wconf 95' lang='grc'>.</span> <span class='ocrx_word' id='word_1_261' title='bbox 2294 2940 2308 2955; x_wconf 93' lang='grc'>.</span> <span class='ocrx_word' id='word_1_262' title='bbox 2346 2901 2446 2955; x_wconf 72' lang='grc' dir='ltr'>καὶ</span> <span class='ocrx_word' id='word_1_263' title='bbox 2491 2898 2745 2969; x_wconf 78' lang='grc' dir='ltr'><strong><em>σχέτλιον</em></strong></span> 
     </span>
     <span class='ocr_line' id='line_1_29' title="bbox 468 2986 2745 3053; baseline 0.001 -16"><span class='ocrx_word' id='word_1_264' title='bbox 468 2988 782 3037; x_wconf 79' lang='lat' dir='ltr'>exclamans</span> <span class='ocrx_word' id='word_1_265' title='bbox 829 2992 1012 3038; x_wconf 84' lang='lat' dir='ltr'>orator</span> <span class='ocrx_word' id='word_1_266' title='bbox 1059 2986 1417 3052; x_wconf 77' lang='lat' dir='ltr'>descriptioni</span> <span class='ocrx_word' id='word_1_267' title='bbox 1466 2988 1736 3053; x_wconf 80' lang='lat' dir='ltr'>adposuit.</span> <span class='ocrx_word' id='word_1_268' title='bbox 1808 2989 1966 3052; x_wconf 84' lang='lat' dir='ltr'>Quod</span> <span class='ocrx_word' id='word_1_269' title='bbox 2015 2994 2196 3039; x_wconf 83' lang='lat' dir='ltr'>autern</span> <span class='ocrx_word' id='word_1_270' title='bbox 2232 2990 2561 3039; x_wconf 81' lang='lat' dir='ltr'>sententiam</span> <span class='ocrx_word' id='word_1_271' title='bbox 2600 3005 2745 3039; x_wconf 85' lang='lat' dir='ltr'>com-</span> 
     </span>
     <span class='ocr_line' id='line_1_30' title="bbox 467 3071 2744 3139; baseline 0.002 -19"><span class='ocrx_word' id='word_1_272' title='bbox 467 3086 682 3121; x_wconf 85' lang='lat' dir='ltr'>munem</span> <span class='ocrx_word' id='word_1_273' title='bbox 721 3072 790 3121; x_wconf 87' lang='lat' dir='ltr'>ad</span> <span class='ocrx_word' id='word_1_274' title='bbox 826 3071 1100 3137; x_wconf 80' lang='lat' dir='ltr'>singulum</span> <span class='ocrx_word' id='word_1_275' title='bbox 1139 3072 1410 3136; x_wconf 86' lang='lat' dir='ltr'>quendam</span> <span class='ocrx_word' id='word_1_276' title='bbox 1449 3074 1841 3139; x_wconf 78' lang='lat' dir='ltr'>applicandam</span> <span class='ocrx_word' id='word_1_277' title='bbox 1878 3075 2123 3138; x_wconf 75' lang='lat' dir='ltr'>sequitur</span> <span class='ocrx_word' id='word_1_278' title='bbox 2156 3074 2381 3139; x_wconf 83' lang='lat' dir='ltr'>propria</span> <span class='ocrx_word' id='word_1_279' title='bbox 2420 3074 2744 3136; x_wconf 83' lang='lat' dir='ltr'>enuntiatio,</span> 
     </span>
     <span class='ocr_line' id='line_1_31' title="bbox 467 3155 2744 3223; baseline 0.001 -19"><span class='ocrx_word' id='word_1_280' title='bbox 467 3170 574 3205; x_wconf 89' lang='lat' dir='ltr'>non</span> <span class='ocrx_word' id='word_1_281' title='bbox 610 3155 933 3205; x_wconf 83' lang='lat' dir='ltr'>inusitatum</span> <span class='ocrx_word' id='word_1_282' title='bbox 972 3162 1074 3207; x_wconf 76' lang='lat' dir='ltr'>eat.</span> <span class='ocrx_word' id='word_1_283' title='bbox 1146 3158 1230 3207; x_wconf 86' lang='lat' dir='ltr'>De</span> <span class='ocrx_word' id='word_1_284' title='bbox 1269 3173 1372 3222; x_wconf 87' lang='lat' dir='ltr'>qno</span> <span class='ocrx_word' id='word_1_285' title='bbox 1409 3172 1510 3207; x_wconf 82' lang='lat' dir='ltr'>usu</span> <span class='ocrx_word' id='word_1_286' title='bbox 1546 3160 1657 3208; x_wconf 81' lang='lat' dir='ltr'>vid.</span> <span class='ocrx_word' id='word_1_287' title='bbox 1696 3158 2080 3208; x_wconf 82' lang='lat' dir='ltr'>Funkhaenel.</span> <span class='ocrx_word' id='word_1_288' title='bbox 2119 3158 2348 3220; x_wconf 79' lang='lat' dir='ltr'>Quaeat.</span> <span class='ocrx_word' id='word_1_289' title='bbox 2386 3160 2543 3208; x_wconf 87' lang='lat' dir='ltr'>Dem.</span> <span class='ocrx_word' id='word_1_290' title='bbox 2582 3172 2635 3223; x_wconf 86' lang='lat' dir='ltr'>p.</span> <span class='ocrx_word' id='word_1_291' title='bbox 2658 3156 2744 3210; x_wconf 84' lang='grc'>86.</span> 
     </span>
     <span class='ocr_line' id='line_1_32' title="bbox 465 3231 2745 3337; baseline 0.001 -48.002"><span class='ocrx_word' id='word_1_292' title='bbox 465 3239 519 3303; x_wconf 81' lang='lat'>2)</span> <span class='ocrx_word' id='word_1_293' title='bbox 555 3236 656 3289; x_wconf 78' lang='grc' dir='ltr'>καὶ</span> <span class='ocrx_word' id='word_1_294' title='bbox 691 3234 981 3303; x_wconf 75' lang='grc' dir='ltr'><strong><em>προέσθαι</em></strong></span> <span class='ocrx_word' id='word_1_295' title='bbox 1027 3258 1112 3292; x_wconf 87' lang='lat' dir='ltr'>om</span> <span class='ocrx_word' id='word_1_296' title='bbox 1151 3242 1323 3309; x_wconf 87' lang='lat' dir='ltr'>Augl.</span> <span class='ocrx_word' id='word_1_297' title='bbox 1361 3243 1412 3292; x_wconf 82' lang='lat' dir='ltr'>lc.</span> <span class='ocrx_word' id='word_1_298' title='bbox 1449 3260 1494 3293; x_wconf 86' lang='lat' dir='ltr'>r.</span> <span class='ocrx_word' id='word_1_299' title='bbox 1531 3259 1575 3292; x_wconf 74' lang='lat' dir='ltr'>a.</span> <span class='ocrx_word' id='word_1_300' title='bbox 1704 3243 1756 3305; x_wconf 88' lang='lat'>3)</span> <span class='ocrx_word' id='word_1_301' title='bbox 1776 3234 2179 3337; x_wconf 76' lang='grc' dir='ltr'><strong><em>ἐξωμοσάμην</em></strong></span> <span class='ocrx_word' id='word_1_302' title='bbox 2211 3242 2406 3293; x_wconf 82' lang='lat' dir='ltr'>Vindl.</span> <span class='ocrx_word' id='word_1_303' title='bbox 2534 3242 2587 3305; x_wconf 81' lang='lat'>4)</span> <span class='ocrx_word' id='word_1_304' title='bbox 2623 3231 2745 3293; x_wconf 80' lang='grc' dir='ltr'><strong><em>ουτ’</em></strong></span> 
     </span>
     <span class='ocr_line' id='line_1_33' title="bbox 467 3310 2747 3393; baseline 0.001 -19"><span class='ocrx_word' id='word_1_305' title='bbox 467 3310 542 3375; x_wconf 78' lang='grc' dir='ltr'>αὖ</span> <span class='ocrx_word' id='word_1_306' title='bbox 576 3318 754 3375; x_wconf 73' lang='grc' dir='ltr'><strong><em>καλὸν</em></strong></span> <span class='ocrx_word' id='word_1_307' title='bbox 791 3314 916 3377; x_wconf 75' lang='grc' dir='ltr'><strong><em>οὔτ’</em></strong></span> <span class='ocrx_word' id='word_1_308' title='bbox 953 3326 1126 3393; x_wconf 79' lang='lat' dir='ltr'>Augl.</span> <span class='ocrx_word' id='word_1_309' title='bbox 1162 3328 1212 3377; x_wconf 85' lang='grc'>2.</span> <span class='ocrx_word' id='word_1_310' title='bbox 1249 3328 1299 3377; x_wconf 79' lang='lat' dir='ltr'>Ic.</span> <span class='ocrx_word' id='word_1_311' title='bbox 1338 3344 1384 3380; x_wconf 82' lang='lat' dir='ltr'>r.</span> <span class='ocrx_word' id='word_1_312' title='bbox 1421 3344 1464 3377; x_wconf 76' lang='lat' dir='ltr'>s.</span> <span class='ocrx_word' id='word_1_313' title='bbox 1504 3354 1565 3362; x_wconf 92' lang='lat'>—</span> <span class='ocrx_word' id='word_1_314' title='bbox 1605 3317 1729 3378; x_wconf 75' lang='grc' dir='ltr'><strong><em>οὔτ’</em></strong></span> <span class='ocrx_word' id='word_1_315' title='bbox 1764 3343 1839 3376; x_wconf 86' lang='grc' dir='ltr'><strong><em>αν</em></strong></span> <span class='ocrx_word' id='word_1_316' title='bbox 1874 3320 2052 3377; x_wconf 79' lang='grc' dir='ltr'><strong><em>καλὸν</em></strong></span> <span class='ocrx_word' id='word_1_317' title='bbox 2087 3316 2212 3377; x_wconf 77' lang='grc' dir='ltr'><strong><em>οὔτ’</em></strong></span> <span class='ocrx_word' id='word_1_318' title='bbox 2250 3325 2325 3390; x_wconf 87' lang='grc' dir='ltr'>Π,</span> <span class='ocrx_word' id='word_1_319' title='bbox 2364 3327 2518 3377; x_wconf 77' lang='lat' dir='ltr'>cuius</span> <span class='ocrx_word' id='word_1_320' title='bbox 2554 3342 2747 3391; x_wconf 79' lang='lat' dir='ltr'>margo</span> 
     </span>
     <span class='ocr_line' id='line_1_34' title="bbox 466 3396 2745 3477; baseline 0.001 -18"><span class='ocrx_word' id='word_1_321' title='bbox 466 3424 566 3475; x_wconf 88' lang='lat' dir='ltr'>per</span> <span class='ocrx_word' id='word_1_322' title='bbox 609 3424 678 3475; x_wconf 72' lang='grc' dir='ltr'><strong><em>γρ</em></strong></span> <span class='ocrx_word' id='word_1_323' title='bbox 722 3409 892 3461; x_wconf 85' lang='lat' dir='ltr'>habet</span> <span class='ocrx_word' id='word_1_324' title='bbox 935 3410 1169 3477; x_wconf 79' lang='lat' dir='ltr'>vulgata</span> <span class='ocrx_word' id='word_1_325' title='bbox 1215 3412 1405 3461; x_wconf 81' lang='lat' dir='ltr'>verba.</span> <span class='ocrx_word' id='word_1_326' title='bbox 1477 3412 1703 3461; x_wconf 79' lang='lat' dir='ltr'>Prorsus</span> <span class='ocrx_word' id='word_1_327' title='bbox 1752 3411 1989 3461; x_wconf 86' lang='lat' dir='ltr'>alienum</span> <span class='ocrx_word' id='word_1_328' title='bbox 2029 3416 2177 3461; x_wconf 72' lang='lat' dir='ltr'>esset</span> <span class='ocrx_word' id='word_1_329' title='bbox 2214 3396 2307 3463; x_wconf 77' lang='grc' dir='ltr'>αὖ.</span> <span class='ocrx_word' id='word_1_330' title='bbox 2446 3410 2499 3474; x_wconf 84' lang='grc'>5)</span> <span class='ocrx_word' id='word_1_331' title='bbox 2558 3403 2621 3461; x_wconf 83' lang='grc' dir='ltr'>τὸ</span> <span class='ocrx_word' id='word_1_332' title='bbox 2658 3428 2745 3461; x_wconf 88' lang='lat' dir='ltr'>om</span> 
     </span>
     <span class='ocr_line' id='line_1_35' title="bbox 469 3486 2747 3561; baseline 0 -18"><span class='ocrx_word' id='word_1_333' title='bbox 469 3502 504 3543; x_wconf 79' lang='lat' dir='ltr'>t.</span> <span class='ocrx_word' id='word_1_334' title='bbox 545 3512 592 3547; x_wconf 86' lang='lat' dir='ltr'>u.</span> <span class='ocrx_word' id='word_1_335' title='bbox 629 3494 826 3546; x_wconf 68' lang='lat' dir='ltr'>vindzs.</span> <span class='ocrx_word' id='word_1_336' title='bbox 930 3494 984 3558; x_wconf 86' lang='lat'>6)</span> <span class='ocrx_word' id='word_1_337' title='bbox 1024 3495 1132 3546; x_wconf 79' lang='lat' dir='ltr'>eit.</span> <span class='ocrx_word' id='word_1_338' title='bbox 1170 3496 1440 3545; x_wconf 81' lang='lat' dir='ltr'>Maximus</span> <span class='ocrx_word' id='word_1_339' title='bbox 1478 3494 1635 3545; x_wconf 84' lang='lat' dir='ltr'>Plan.</span> <span class='ocrx_word' id='word_1_340' title='bbox 1660 3494 1775 3557; x_wconf 79' lang='lat' dir='ltr'>Bb.</span> <span class='ocrx_word' id='word_1_341' title='bbox 1812 3496 1878 3548; x_wconf 89' lang='grc' dir='ltr'>Τ.</span> <span class='ocrx_word' id='word_1_342' title='bbox 1914 3496 1962 3545; x_wconf 89' lang='lat' dir='ltr'><strong>V</strong></span> <span class='ocrx_word' id='word_1_343' title='bbox 1998 3512 2048 3561; x_wconf 91' lang='lat' dir='ltr'>p.</span> <span class='ocrx_word' id='word_1_344' title='bbox 2076 3493 2176 3546; x_wconf 85' lang='lat'>538</span> <span class='ocrx_word' id='word_1_345' title='bbox 2200 3496 2286 3545; x_wconf 90' lang='lat' dir='ltr'>W.</span> <span class='ocrx_word' id='word_1_346' title='bbox 2392 3494 2443 3557; x_wconf 88' lang='grc'>7)</span> <span class='ocrx_word' id='word_1_347' title='bbox 2482 3486 2747 3558; x_wconf 77' lang='grc' dir='ltr'><strong><em>προωλην</em></strong></span> 
     </span>
     <span class='ocr_line' id='line_1_36' title="bbox 465 3572 2745 3645; baseline 0.001 -18"><span class='ocrx_word' id='word_1_348' title='bbox 465 3578 660 3631; x_wconf 71' lang='lat' dir='ltr'>Vinda.</span> <span class='ocrx_word' id='word_1_349' title='bbox 765 3578 818 3642; x_wconf 86' lang='lat'>8)</span> <span class='ocrx_word' id='word_1_350' title='bbox 858 3575 958 3629; x_wconf 81' lang='grc' dir='ltr'>καὶ</span> <span class='ocrx_word' id='word_1_351' title='bbox 993 3572 1324 3643; x_wconf 63' lang='grc' dir='ltr'><strong><em>προς-λαβὼν</em></strong></span> <span class='ocrx_word' id='word_1_352' title='bbox 1360 3578 1573 3629; x_wconf 87' lang='lat' dir='ltr'>Aldetc.</span> <span class='ocrx_word' id='word_1_353' title='bbox 1616 3606 1675 3615; x_wconf 84' lang='lat'>—-</span> <span class='ocrx_word' id='word_1_354' title='bbox 1714 3576 1814 3629; x_wconf 76' lang='grc' dir='ltr'>καὶ</span> <span class='ocrx_word' id='word_1_355' title='bbox 1850 3595 1937 3629; x_wconf 88' lang='lat' dir='ltr'>om</span> <span class='ocrx_word' id='word_1_356' title='bbox 1976 3580 2041 3630; x_wconf 88' lang='grc' dir='ltr'>Σ.</span> <span class='ocrx_word' id='word_1_357' title='bbox 2084 3579 2288 3629; x_wconf 87' lang='lat' dir='ltr'>LaurS.</span> <span class='ocrx_word' id='word_1_358' title='bbox 2326 3578 2476 3645; x_wconf 74' lang='lat' dir='ltr'>vulg.</span> <span class='ocrx_word' id='word_1_359' title='bbox 2526 3580 2745 3629; x_wconf 83' lang='lat' dir='ltr'>‘Malim</span> 
     </span>
     <span class='ocr_line' id='line_1_37' title="bbox 465 3662 2745 3729; baseline 0.001 -17"><span class='ocrx_word' id='word_1_360' title='bbox 465 3668 762 3713; x_wconf 81' lang='lat' dir='ltr'>servatum.</span> <span class='ocrx_word' id='word_1_361' title='bbox 839 3668 916 3714; x_wconf 83' lang='lat' dir='ltr'>vel</span> <span class='ocrx_word' id='word_1_362' title='bbox 967 3666 1188 3715; x_wconf 74' lang='lat' dir='ltr'>maxima</span> <span class='ocrx_word' id='word_1_363' title='bbox 1237 3666 1456 3729; x_wconf 80' lang='lat' dir='ltr'>pecunia</span> <span class='ocrx_word' id='word_1_364' title='bbox 1508 3668 1759 3729; x_wconf 81' lang='lat' dir='ltr'>accepta.&#39;</span> <span class='ocrx_word' id='word_1_365' title='bbox 1822 3664 2259 3716; x_wconf 77' lang='lat' dir='ltr'>Schaeferus.</span> <span class='ocrx_word' id='word_1_366' title='bbox 2332 3666 2403 3713; x_wconf 90' lang='lat' dir='ltr'>At</span> <span class='ocrx_word' id='word_1_367' title='bbox 2453 3662 2551 3715; x_wconf 75' lang='grc' dir='ltr'>καὶ</span> <span class='ocrx_word' id='word_1_368' title='bbox 2590 3703 2603 3716; x_wconf 92' lang='grc'>.</span> <span class='ocrx_word' id='word_1_369' title='bbox 2630 3701 2645 3715; x_wconf 92' lang='grc'>.</span> <span class='ocrx_word' id='word_1_370' title='bbox 2682 3680 2745 3729; x_wconf 75' lang='grc' dir='ltr'>γε</span> 
     </span>
     <span class='ocr_line' id='line_1_38' title="bbox 467 3738 2743 3817; baseline 0 -20"><span class='ocrx_word' id='word_1_371' title='bbox 467 3748 559 3797; x_wconf 84' lang='lat' dir='ltr'>hic</span> <span class='ocrx_word' id='word_1_372' title='bbox 595 3762 706 3797; x_wconf 85' lang='lat' dir='ltr'>non</span> <span class='ocrx_word' id='word_1_373' title='bbox 743 3754 872 3798; x_wconf 80' lang='lat' dir='ltr'>sunt</span> <span class='ocrx_word' id='word_1_374' title='bbox 909 3752 1074 3813; x_wconf 86' lang='lat' dir='ltr'>aptae</span> <span class='ocrx_word' id='word_1_375' title='bbox 1112 3748 1443 3814; x_wconf 84' lang='lat' dir='ltr'>particulae.</span> <span class='ocrx_word' id='word_1_376' title='bbox 1486 3775 1532 3784; x_wconf 93' lang='lat'>—</span> <span class='ocrx_word' id='word_1_377' title='bbox 1583 3742 1886 3817; x_wconf 75' lang='grc' dir='ltr'><strong><em>προλαβών</em></strong></span> <span class='ocrx_word' id='word_1_378' title='bbox 1920 3766 1967 3799; x_wconf 83' lang='lat' dir='ltr'>r.</span> <span class='ocrx_word' id='word_1_379' title='bbox 2095 3748 2148 3813; x_wconf 88' lang='lat'>9)</span> <span class='ocrx_word' id='word_1_380' title='bbox 2188 3738 2243 3812; x_wconf 82' lang='grc' dir='ltr'>γ’</span> <span class='ocrx_word' id='word_1_381' title='bbox 2280 3764 2367 3798; x_wconf 87' lang='lat' dir='ltr'>om</span> <span class='ocrx_word' id='word_1_382' title='bbox 2401 3748 2574 3815; x_wconf 81' lang='lat' dir='ltr'>Augl.</span> <span class='ocrx_word' id='word_1_383' title='bbox 2611 3749 2661 3799; x_wconf 79' lang='lat' dir='ltr'>k.</span> <span class='ocrx_word' id='word_1_384' title='bbox 2700 3766 2743 3799; x_wconf 76' lang='lat' dir='ltr'>s.</span> 
     </span>
     <span class='ocr_line' id='line_1_39' title="bbox 465 3818 2745 3901; baseline 0.001 -20"><span class='ocrx_word' id='word_1_385' title='bbox 465 3858 532 3867; x_wconf 69' lang='lat'>--</span> <span class='ocrx_word' id='word_1_386' title='bbox 571 3832 704 3881; x_wconf 86' lang='lat' dir='ltr'>‘Vix</span> <span class='ocrx_word' id='word_1_387' title='bbox 739 3832 1052 3897; x_wconf 59' lang='lat' dir='ltr'>requiram!</span> <span class='ocrx_word' id='word_1_388' title='bbox 1090 3818 1536 3884; x_wconf 40' lang='lat' dir='ltr'>Seh&#39;aeferus.</span> <span class='ocrx_word' id='word_1_389' title='bbox 1608 3834 1723 3885; x_wconf 89' lang='lat' dir='ltr'>Imo</span> <span class='ocrx_word' id='word_1_390' title='bbox 1758 3832 2036 3901; x_wconf 83' lang='lat' dir='ltr'>particula</span> <span class='ocrx_word' id='word_1_391' title='bbox 2071 3848 2133 3898; x_wconf 74' lang='grc' dir='ltr'>γε</span> <span class='ocrx_word' id='word_1_392' title='bbox 2172 3832 2360 3883; x_wconf 82' lang='lat' dir='ltr'>addita</span> <span class='ocrx_word' id='word_1_393' title='bbox 2398 3840 2483 3883; x_wconf 81' lang='lat' dir='ltr'>est</span> <span class='ocrx_word' id='word_1_394' title='bbox 2516 3835 2745 3899; x_wconf 85' lang='lat' dir='ltr'>partici-</span> 
     </span>
     <span class='ocr_line' id='line_1_40' title="bbox 467 3906 2747 3984; baseline -0 -16"><span class='ocrx_word' id='word_1_395' title='bbox 467 3916 586 3984; x_wconf 87' lang='lat' dir='ltr'>pio,</span> <span class='ocrx_word' id='word_1_396' title='bbox 633 3923 694 3967; x_wconf 91' lang='lat' dir='ltr'>ut</span> <span class='ocrx_word' id='word_1_397' title='bbox 730 3921 1071 3981; x_wconf 82' lang='lat' dir='ltr'>acceptae</span> <span class='ocrx_word' id='word_1_398' title='bbox 1107 3918 1380 3967; x_wconf 82' lang='lat' dir='ltr'>maximae</span> <span class='ocrx_word' id='word_1_399' title='bbox 1417 3920 1691 3983; x_wconf 79' lang='lat' dir='ltr'>pecuniae</span> <span class='ocrx_word' id='word_1_400' title='bbox 1729 3918 1973 3969; x_wconf 85' lang='lat' dir='ltr'>conditio</span> <span class='ocrx_word' id='word_1_401' title='bbox 2013 3917 2291 3969; x_wconf 81' lang='lat' dir='ltr'>efferatur.</span> <span class='ocrx_word' id='word_1_402' title='bbox 2433 3916 2514 3980; x_wconf 86' lang='lat'>10)</span> <span class='ocrx_word' id='word_1_403' title='bbox 2577 3909 2633 3983; x_wconf 74' lang='grc' dir='ltr'>γ’</span> <span class='ocrx_word' id='word_1_404' title='bbox 2670 3906 2747 3967; x_wconf 68' lang='grc' dir='ltr'><strong><em>ἂν</em></strong></span> 
     </span>
     <span class='ocr_line' id='line_1_41' title="bbox 467 3994 2747 4069; baseline -0 -17"><span class='ocrx_word' id='word_1_405' title='bbox 467 4019 554 4052; x_wconf 91' lang='lat' dir='ltr'>om</span> <span class='ocrx_word' id='word_1_406' title='bbox 579 4002 842 4067; x_wconf 74' lang='lat' dir='ltr'>Hei-mog.</span> <span class='ocrx_word' id='word_1_407' title='bbox 882 4000 947 4051; x_wconf 88' lang='lat' dir='ltr'>T.</span> <span class='ocrx_word' id='word_1_408' title='bbox 973 4001 1054 4050; x_wconf 84' lang='lat'>111</span> <span class='ocrx_word' id='word_1_409' title='bbox 1091 4018 1142 4067; x_wconf 88' lang='lat' dir='ltr'>p.</span> <span class='ocrx_word' id='word_1_410' title='bbox 1172 4000 1272 4052; x_wconf 83' lang='lat'>338</span> <span class='ocrx_word' id='word_1_411' title='bbox 1295 4002 1381 4053; x_wconf 90' lang='lat' dir='ltr'>W.</span> <span class='ocrx_word' id='word_1_412' title='bbox 1421 4002 1592 4069; x_wconf 84' lang='lat' dir='ltr'>Aug2.</span> <span class='ocrx_word' id='word_1_413' title='bbox 1645 4002 1729 4053; x_wconf 82' lang='lat' dir='ltr'>cf.</span> <span class='ocrx_word' id='word_1_414' title='bbox 1758 4003 1879 4053; x_wconf 88' lang='lat' dir='ltr'>Cor.</span> <span class='ocrx_word' id='word_1_415' title='bbox 1909 4003 1958 4063; x_wconf 80' lang='lat' dir='ltr'>S.</span> <span class='ocrx_word' id='word_1_416' title='bbox 1988 4000 2101 4053; x_wconf 88' lang='lat'>101.</span> <span class='ocrx_word' id='word_1_417' title='bbox 2179 4001 2262 4065; x_wconf 92' lang='grc'>11)</span> <span class='ocrx_word' id='word_1_418' title='bbox 2298 4002 2355 4051; x_wconf 86' lang='lat' dir='ltr'>in</span> <span class='ocrx_word' id='word_1_419' title='bbox 2381 3994 2475 4053; x_wconf 74' lang='grc' dir='ltr'>ἐπὶ</span> <span class='ocrx_word' id='word_1_420' title='bbox 2504 4007 2747 4052; x_wconf 81' lang='lat' dir='ltr'>extrema</span> 
     </span>
     <span class='ocr_line' id='line_1_42' title="bbox 466 4074 2747 4153; baseline -0 -17"><span class='ocrx_word' id='word_1_421' title='bbox 466 4086 631 4137; x_wconf 85' lang='lat' dir='ltr'>litera</span> <span class='ocrx_word' id='word_1_422' title='bbox 667 4091 753 4137; x_wconf 79' lang='lat' dir='ltr'>eet</span> <span class='ocrx_word' id='word_1_423' title='bbox 788 4086 844 4134; x_wconf 90' lang='lat' dir='ltr'>in</span> <span class='ocrx_word' id='word_1_424' title='bbox 883 4100 1046 4135; x_wconf 76' lang='lat' dir='ltr'>erasa</span> <span class='ocrx_word' id='word_1_425' title='bbox 1071 4086 1258 4152; x_wconf 83' lang='lat' dir='ltr'>aliqua</span> <span class='ocrx_word' id='word_1_426' title='bbox 1285 4086 1352 4139; x_wconf 87' lang='grc' dir='ltr'>Σ.</span> <span class='ocrx_word' id='word_1_427' title='bbox 1462 4086 1547 4150; x_wconf 86' lang='grc'>12)</span> <span class='ocrx_word' id='word_1_428' title='bbox 1584 4082 1683 4137; x_wconf 77' lang='grc' dir='ltr'>καὶ</span> <span class='ocrx_word' id='word_1_429' title='bbox 1708 4103 1793 4137; x_wconf 92' lang='lat' dir='ltr'>om</span> <span class='ocrx_word' id='word_1_430' title='bbox 1820 4082 2013 4137; x_wconf 81' lang='lat' dir='ltr'>Vind3.</span> <span class='ocrx_word' id='word_1_431' title='bbox 2122 4085 2210 4153; x_wconf 83' lang='lat'>13)</span> <span class='ocrx_word' id='word_1_432' title='bbox 2246 4074 2390 4151; x_wconf 79' lang='grc' dir='ltr'><strong><em>παρ’</em></strong></span> <span class='ocrx_word' id='word_1_433' title='bbox 2424 4076 2608 4151; x_wconf 70' lang='grc' dir='ltr'><strong><em>αὐτὴν</em></strong></span> <span class='ocrx_word' id='word_1_434' title='bbox 2642 4078 2747 4152; x_wconf 82' lang='grc' dir='ltr'><strong><em>τὴν</em></strong></span> 
     </span>
     <span class='ocr_line' id='line_1_43' title="bbox 465 4163 2747 4237; baseline -0.001 -16"><span class='ocrx_word' id='word_1_435' title='bbox 465 4170 639 4237; x_wconf 79' lang='lat' dir='ltr'>Augl.</span> <span class='ocrx_word' id='word_1_436' title='bbox 679 4172 728 4220; x_wconf 81' lang='lat'>2.</span> <span class='ocrx_word' id='word_1_437' title='bbox 767 4170 816 4221; x_wconf 78' lang='lat' dir='ltr'>k.</span> <span class='ocrx_word' id='word_1_438' title='bbox 853 4186 900 4222; x_wconf 82' lang='lat' dir='ltr'>r.</span> <span class='ocrx_word' id='word_1_439' title='bbox 935 4182 978 4219; x_wconf 70' lang='grc' dir='ltr'>ε.</span> <span class='ocrx_word' id='word_1_440' title='bbox 1019 4170 1175 4226; x_wconf 81' lang='lat' dir='ltr'>Harl.</span> <span class='ocrx_word' id='word_1_441' title='bbox 1215 4169 1288 4222; x_wconf 89' lang='lat' dir='ltr'>H.</span> <span class='ocrx_word' id='word_1_442' title='bbox 1326 4199 1393 4208; x_wconf 89' lang='lat'>—</span> <span class='ocrx_word' id='word_1_443' title='bbox 1428 4164 1586 4235; x_wconf 79' lang='grc' dir='ltr'><strong><em>παρὰ</em></strong></span> <span class='ocrx_word' id='word_1_444' title='bbox 1626 4164 1840 4237; x_wconf 80' lang='grc' dir='ltr'><strong><em>ταύτην</em></strong></span> <span class='ocrx_word' id='word_1_445' title='bbox 1876 4171 1995 4221; x_wconf 79' lang='lat' dir='ltr'>sine</span> <span class='ocrx_word' id='word_1_446' title='bbox 2030 4163 2137 4235; x_wconf 82' lang='grc' dir='ltr'><strong><em>τὴν</em></strong></span> <span class='ocrx_word' id='word_1_447' title='bbox 2172 4170 2293 4221; x_wconf 83' lang='lat' dir='ltr'>Fel.</span> <span class='ocrx_word' id='word_1_448' title='bbox 2423 4171 2506 4233; x_wconf 85' lang='lat'>14)</span> <span class='ocrx_word' id='word_1_449' title='bbox 2546 4165 2747 4234; x_wconf 77' lang='grc' dir='ltr'><strong><em>ἔπρατ·</em></strong></span> 
     </span>
     <span class='ocr_line' id='line_1_44' title="bbox 465 4248 2747 4321; baseline -0.001 -17"><span class='ocrx_word' id='word_1_450' title='bbox 465 4271 568 4305; x_wconf 78' lang='grc' dir='ltr'><strong><em>τον</em></strong></span> <span class='ocrx_word' id='word_1_451' title='bbox 603 4248 826 4313; x_wconf 77' lang='grc' dir='ltr'><strong><em>τούτοις</em></strong></span> <span class='ocrx_word' id='word_1_452' title='bbox 864 4254 1070 4305; x_wconf 75' lang='lat' dir='ltr'>Laui-S.</span> <span class='ocrx_word' id='word_1_453' title='bbox 1109 4255 1257 4320; x_wconf 83' lang='lat' dir='ltr'>vulg.</span> <span class='ocrx_word' id='word_1_454' title='bbox 1321 4283 1384 4293; x_wconf 89' lang='lat'>—</span> <span class='ocrx_word' id='word_1_455' title='bbox 1442 4252 1665 4314; x_wconf 82' lang='grc' dir='ltr'><strong><em>τούτοις</em></strong></span> <span class='ocrx_word' id='word_1_456' title='bbox 1712 4271 1797 4305; x_wconf 91' lang='lat' dir='ltr'>om</span> <span class='ocrx_word' id='word_1_457' title='bbox 1834 4253 1902 4305; x_wconf 89' lang='grc' dir='ltr'>Σ.</span> <span class='ocrx_word' id='word_1_458' title='bbox 1944 4254 2114 4321; x_wconf 81' lang='lat' dir='ltr'>Augl.</span> <span class='ocrx_word' id='word_1_459' title='bbox 2151 4258 2201 4305; x_wconf 79' lang='lat'>2.</span> <span class='ocrx_word' id='word_1_460' title='bbox 2240 4254 2290 4309; x_wconf 76' lang='lat' dir='ltr'>k.</span> <span class='ocrx_word' id='word_1_461' title='bbox 2328 4272 2374 4306; x_wconf 82' lang='lat' dir='ltr'>r.</span> <span class='ocrx_word' id='word_1_462' title='bbox 2411 4270 2455 4305; x_wconf 71' lang='lat'>³.</span> <span class='ocrx_word' id='word_1_463' title='bbox 2528 4254 2615 4305; x_wconf 84' lang='lat' dir='ltr'>Cf.</span> <span class='ocrx_word' id='word_1_464' title='bbox 2642 4254 2747 4303; x_wconf 85' lang='lat' dir='ltr'>‘Ti-</span> 
     </span>
     <span class='ocr_line' id='line_1_45' title="bbox 465 4340 838 4402; baseline 0 -13"><span class='ocrx_word' id='word_1_465' title='bbox 465 4355 632 4393; x_wconf 85' lang='lat' dir='ltr'>moer.</span> <span class='ocrx_word' id='word_1_466' title='bbox 671 4343 717 4402; x_wconf 68' lang='grc'>6.</span> <span class='ocrx_word' id='word_1_467' title='bbox 757 4340 838 4390; x_wconf 83' lang='grc'>32.</span> 
     </span>
    </p>
   </div>
  </div>
 </body>
</html>
