3084 4938
516 362 637 428 322
1086 379 1525 424 nnnos‘rnems
1558 379 1791 422 onA'rlo
1822 381 1907 421 m:
1939 377 2207 422 CORONA.

515 529 838 623 ἀγράφοις
895 529 1232 622 νομίμοις5
1288 535 1400 604 καὶ
1452 549 1591 615 τοῖς
1642 528 2099 622 ἀνθρωπίνοις
2146 522 2381 621 ι’ἱθεσι6
2432 521 2798 619 διώρικεν]

430 653 483 694 25
518 641 839 725 Αἰσχίνης
885 641 1119 706 τοίνυν
1161 629 1516 705 τοσοῦτον8
1558 629 2099 724 ’ὑπιερβ.«·.’βλ.ηκεν9
2132 629 2431 714 ἅπαντας
2445 625 2496 666 ¹⁰
2530 625 2799 730 ἀνθρώ-

517 764 686 817 πους
734 731 1017 824 ὠμότητι
1064 738 1175 806 καὶ
1219 745 1671 828 συκοφαντίᾳ,
1720 733 1883 818 ὥςτε
1918 737 2030 806 καὶ
2066 724 2163 806 ὦν
2198 729 2399 815 αὐτὸς
2434 727 2525 814 ὥς
2558 727 2797 821 ἀτυχη-

516 831 800 929 μάτωνιι
843 841 1184 927 ἐμέμνητο,
1223 831 1400 908 καὶ12
1432 830 1681 907 vafit’ffi
1719 841 1883 927 ἐμοῦ
1915 831 2341 926 κατὴγορεῖ.“

671 948 812 1008 276.
870 941 1004 1009 Καὶ
1039 936 1202 1027 πρὸς
1236 954 1372 1019 τοῖς
1406 934 1665 1028 ἄλλοις,
1714 935 1930 1027 ὥςπερ
1967 933 2197 1019 αὐτὸς1
2236 933 2463 1017 ἁπλοῖς
2499 936 2610 1007 καὶ
2644 929 2795 1024 μετ’

520 1037 783 1121 εὐνοίας
831 1038 1080 1120 πάντας
1127 1037 1407 1131 εἰρηκώς
1451 1037 1607 1122 τούς
1654 1038 1925 1130 λόγους,
1972 1037 2333 1129 φυλάττειν
2384 1037 2497 1128 ἐμὲ
2542 1038 2653 1106 καὶ
2689 1063 2797 1124 τη-

517 1245 786 1300 institutis
827 1260 934 1300 non
979 1243 1197 1317 scriptis
1240 1251 1294 1299 et
1333 1244 1524 1300 animis
1558 1245 1803 1300 humanis
1836 1243 2028 1300 sanxit.
2099 1243 2395 1300 Aeschines
2424 1243 2595 1314 igitur
2624 1253 2799 1312 usque

518 1324 653 1384 adeo
687 1329 933 1384 homines
963 1330 1248 1384 universos
1279 1330 1555 1401 superavit
1583 1328 1904 1385 crudelitate
1934 1336 1989 1384 et
2018 1326 2311 1388 calumnia.
2355 1334 2445 1389 ut,
2478 1341 2711 1399 quorum
2742 1333 2801 1379 et

519 1416 637 1488 ipse
667 1420 728 1469 ut
757 1411 1184 1470 infortuniorum
1214 1414 1473 1474 meminit.
1507 1413 1669 1468 etiam
1698 1413 1832 1470 haec
1861 1414 1989 1469 mihi
2020 1413 2231 1468 crimini
2260 1411 2485 1466 dederit.

688 1501 806 1556 276.
837 1496 1060 1554 Praeter
1087 1505 1286 1560 cetera,
1321 1505 1577 1570 tanquam
1608 1498 1727 1572 ipse
1756 1497 2078 1571 simpliciter
2108 1504 2163 1552 et
2194 1513 2257 1552 ex
2286 1494 2645 1552 benivolentia
2678 1511 2800 1549 ora·

521 1583 696 1638 tiones
727 1598 914 1637 onmes
943 1581 1242 1644 habuisset,
1267 1583 1444 1640 caveri
1471 1598 1557 1638 me
1586 1589 1641 1638 et
1672 1582 1949 1640 observari
1979 1583 2157 1644 iussit,
2182 1589 2243 1638 ut
2272 1596 2341 1636 ne
2364 1581 2547 1636 sucum
2567 1580 2797 1636 facerem

653 1867 706 1930 5)
761 1865 1027 1934 νομίμοις
1073 1864 1221 1931 vulg.
1263 1865 1431 1916 etiam
1469 1865 1549 1930 Σ,
1599 1866 1656 1914 in
1704 1880 1805 1930 quo
1856 1865 2047 1916 codice
2095 1853 2247 1930 antiq
2283 1879 2446 1930 super
2479 1879 2543 1928 μι
2580 1861 2799 1927 scripsit

517 1939 602 2016 W,
638 1958 700 2003 ut
736 1951 986 2003 deleatur
1020 1952 1120 2015 μιῖ
1168 1948 1334 2000 etiam
1370 1965 1434 2014 pr
1467 1947 1530 2002 Ω
1578 1949 1827 2002 exhibuit
1862 1949 2146 2015 νομίμοις.
2186 1976 2248 1985 -
2284 1941 2480 2013 νόμοις
2516 1945 2709 2013 (Augl.
2745 1947 2797 1996 k.

517 2053 564 2086 r.
601 2037 668 2099 s).
716 2035 922 2087 LaurS.
972 2049 1016 2085 e.
1067 2032 1202 2082 Obs.
1248 2033 1384 2083 Ven.
1432 2033 1538 2086 Alt.
1590 2033 1750 2084 Lind.
1799 2049 1921 2084 corr
1954 2032 2033 2088 Ω.
2081 2049 2202 2084 corr
2234 2033 2368 2084 Urb.
2415 2049 2483 2098 ’γρ
2515 2032 2636 2082 Ald.
2693 2032 2797 2094 (De

520 2125 750 2186 utroque
786 2121 909 2170 loco
945 2123 1101 2168 tacet
1137 2117 1359 2167 collatio
1395 2116 1571 2182 Man.)
1646 2117 1899 2169 ‘Correxi
1937 2114 2153 2184 νόμοις.
2204 2133 2310 2169 non
2350 2119 2495 2168 enim
2531 2105 2801 2182 ἄγραφον

520 2196 764 2270 νόμιμον
799 2204 1126 2268 usurpatur)
1180 2201 1522 2254 ReiekiuS.
1596 2201 1785 2254 Secuti
1820 2209 1947 2254 sunt
1980 2197 2294 2262 Han-lesina,
2332 2201 2797 2262 Wunderlichius‚

518 2289 837 2351 Dissenius,
875 2287 1191 2351 Bekkems,
1229 2285 1568 2349 Dindorfius,
1614 2287 1970 2349 Turicenses‚
2012 2288 2126 2338 alii.
2198 2288 2318 2338 Non
2365 2292 2487 2336 erat
2538 2285 2802 2336 mutanda

491 2374 688 2439 ‚lectio
747 2373 980 2438 vulgata
1039 2387 1269 2422 concors
1329 2387 1450 2423 cum
1507 2389 1571 2438 pr
1609 2370 1677 2421 Σ.
1750 2371 2019 2423 Restituit
2074 2353 2527 2422 Westef‘mannus
2584 2371 2798 2422 merito.

519 2476 647 2510 nam
685 2449 850 2525 νόμοι
886 2457 981 2507 ubi
1016 2457 1342 2525 simpliciter
1386 2455 1456 2523 τῇ
1493 2449 1663 2524 φύσει
1700 2458 1816 2509 sive
1855 2456 2054 2509 divinis
2091 2455 2305 2524 legibus
2342 2460 2701 2523 opponuntur,
2740 2459 2803 2505 ut

522 2538 690 2609 φύσει
727 2549 784 2595 et
819 2534 974 2609 νόμῳ
1013 2542 1175 2605 (Plat.
1213 2542 1462 2610 passim),
1503 2559 1627 2593 cum
1664 2544 1893 2593 Socrate
1931 2540 2205 2607 (Xenoph.
2232 2542 2398 2594 Mem.
2435 2542 2529 2605 IV,
2568 2540 2603 2590 4
2635 2541 2684 2602 §-
2708 2538 2799 2603 21)

520 2628 912 2695 intelligebant
957 2632 1173 2679 veteres
1219 2618 1352 2687 τοὺς
1386 2617 1490 2678 ὑπ’
1528 2617 1859 2691 α’νθρῶπων
1892 2619 2221 2691 κειμένους,
2261 2626 2381 2677 sive
2417 2619 2518 2676 τὸν
2553 2639 2796 2690 γεγραμ-

519 2708 695 2781 μένον
739 2706 918 2777 νόμον
961 2712 1269 2778 oppositum
1321 2710 1399 2777 τῷ
1443 2710 1617 2778 κοινῷ
1662 2706 1893 2761 πάντων
1928 2704 2257 2777 α’νθρώπων
2292 2702 2464 2777 νόμῳ.
2535 2710 2799 2760 Aristocr.

518 2800 597 2861 ἓξ.
635 2797 718 2848 61.
756 2796 840 2847 85.
914 2796 1000 2846 cf.
1041 2796 1304 2863 Stephan.
1342 2797 1370 2847 I
1406 2798 1454 2858 ἓ.
1491 2796 1574 2847 53.
1644 2798 1731 2847 De
1786 2796 2127 2847 substantivo
2184 2800 2365 2845 antem
2412 2787 2626 2861 νόμιμα
2678 2809 2799 2843 cum

520 2883 798 2934 adiectivo
845 2886 1158 2932 constructo
1205 2882 1277 2933 cf.
1314 2880 1578 2931 Aristocr.
1626 2882 1675 2942 S.
1715 2878 1804 2930 70:
1864 2872 2021 2945 παρὰ
2060 2918 2073 2931 .
2106 2921 2117 2933 .
2146 2916 2159 2931 .
2198 2872 2331 2939 τούς
2377 2871 2803 2946 γεγραμμένους

521 2960 734 3033 νόμους
769 2962 870 3017 καὶ
907 2954 1150 3032 ἄγραφα
1187 2959 1417 3031 νόμιμα.
1487 2964 1634 3017 Plat.
1672 2966 1850 3030 Legg.
1886 2966 1990 3016 VII
2026 2982 2079 3031 p.
2119 2964 2219 3016 793
2254 2966 2326 3015 A:
2366 2958 2437 3014 τοὶ
2474 2955 2803 3028 καλούμενα

519 3045 636 3103 ὑπὸ
677 3050 789 3101 τῶν
839 3048 1061 3101 πολλῶν
1107 3038 1346 3115 ἄγραφα
1391 3045 1605 3114 νόμιμα
1652 3047 1753 3099 καὶ
1798 3036 1897 3109 οὓς
1942 3048 2219 3113 πατρίους
2264 3044 2474 3114 νόμους
2520 3037 2801 3112 ἐπονομά-

521 3134 728 3197 ζουσιν.
803 3134 1053 3201 Sophocl.
1101 3135 1287 3199 Antig.
1326 3150 1407 3185 vs.
1443 3133 1572 3184 451:
1634 3128 1692 3185 οἳ
1736 3128 1869 3193 τούς
1918 3125 1981 3184 ἐν
2025 3125 2425 3197 ἀνθρώποισιν
2458 3122 2674 3195 ὥρισαν
2708 3122 2801 3181 νό-

519 3235 677 3287 μους.
750 3209 887 3270 οὐδὲ
935 3214 1170 3270 σθένειν
1213 3216 1484 3270 τοσοῦτον
1528 3208 1721 3287 ᾠόμην
1764 3214 1835 3268 τὰ
1882 3212 1952 3269 σοὶ
1998 3208 2336 3285 κηρύγμαθ’
2381 3208 2457 3277 ὥς
2503 3204 2803 3281 τᾶγραπτα

519 3294 788 3373 κάσφαλῆ
826 3302 984 3354 θεῶν
1020 3295 1251 3370 νόμιμα.
1357 3302 1410 3367 6)
1451 3302 1671 3353 ‘Malim
1708 3296 1907 3355 ἔθεσι)
1962 3304 2307 3355 Reiskius.
2381 3303 2625 3353 ‘Placen
2661 3300 2801 3351 Vide

520 3395 632 3440 not.
689 3389 760 3439 ad
813 3405 865 3454 p.
903 3388 1019 3450 264,
1059 3389 1160 3461 213
1233 3388 1669 3441 Schaeferus.
1740 3387 1977 3454 Recepit
2033 3389 2409 3439 coniecturam
2466 3383 2801 3437 Dindorfius.

519 3474 595 3525 Ut
641 3490 706 3525 eo
750 3474 870 3539 ipso
916 3473 1076 3545 loco,
1131 3472 1214 3522 sic
1261 3472 1312 3521 h.
1355 3472 1388 3523 1.
1434 3476 1709 3523 annnorum
1744 3474 1896 3523 notio
1934 3474 2115 3539 aptior
2152 3478 2251 3523 est.
2328 3472 2413 3522 cf.
2454 3471 2699 3538 proxime
2732 3468 2801 3519 de

517 3558 808 3609 Aeschinis
843 3546 1088 3623 ὠμότητι
1123 3552 1222 3607 καὶ
1267 3554 1645 3622 συκοφαντίᾳ.
1694 3581 1763 3595 -·
1813 3546 2025 3621 ἤθεσιν
2073 3573 2160 3607 om
2206 3556 2276 3607 Σ.
2321 3572 2386 3623 pr
2419 3555 2607 3609 Laui-S
2657 3554 2803 3604 inse-

519 3643 646 3691 ruit.
719 3644 916 3712 itaque⁸
945 3642 1176 3706 antiqua
1211 3640 1352 3690 haec
1391 3646 1476 3691 est
1509 3640 1876 3707 negligentia.
1980 3642 2033 3703 7)
2074 3641 2247 3691 ‘Dedi
2282 3641 2350 3691 de
2388 3656 2509 3691 meo
2546 3632 2802 3702 διωρικὲ-

522 3742 636 3777 ναι.
704 3726 878 3791 Aptus
925 3730 1010 3775 est
1053 3725 1144 3775 hic
1189 3724 1494 3777 infinitivus
1541 3741 1575 3776 a
1623 3717 1980 3791 φανήσεται.’
2052 3726 2404 3775 Reiskius.
2476 3721 2801 3779 Φανείσθαι

524 3824 643 3859 cum
691 3808 963 3859 infinitivo
1010 3814 1380 3860 constructum
1426 3811 1744 3876 plerumque
1791 3809 2073 3876 significat
2118 3809 2154 3859 i.
2195 3826 2248 3875 q.
2292 3810 2480 3869 videri,
2530 3808 2627 3863 sed
2670 3807 2723 3857 h.
2762 3805 2799 3856 l.

523 3887 842 3961 φανήσεται
892 3898 975 3943 est
1016 3894 1052 3943 i.
1093 3910 1143 3959 q.
1191 3895 1464 3961 apparebit
1507 3898 1813 3957 certissime,
1862 3895 2229 3945 subiicinntur
2275 3899 2457 3944 antem
2504 3892 2587 3943 illi
2632 3892 2802 3943 verbo

521 3977 704 4029 ταῦτα
739 3971 948 4029 πάντα.
1054 3978 1105 4041 8)
1142 3968 1321 4037 οὕτως
1355 3980 1552 4033 vindl.
1658 3980 1710 4041 9)
1747 3972 2138 4045 ὑπερβέβηκεν
2172 3976 2252 4031 Ω.
2292 3978 2401 4029 Ait.
2512 3976 2593 4039 10)
2632 3970 2801 4039 ὑπερ-

521 4058 762 4131 βέβληκε
797 4058 1018 4123 πάντας
1057 4064 1207 4115 Pau,
1281 4064 1365 4127 11)
1414 4055 1822 4129 εὐτυχημάτων
1855 4063 1989 4114 Urb.
2063 4063 2147 4125 12)
2184 4058 2285 4114 ’καὶ
2320 4079 2405 4114 om
2448 4060 2509 4112 Y.
2544 4079 2601 4127 p.
2638 4058 2801 4111 Lind.

521 4149 717 4201 vinda.
753 4150 803 4199 4.
839 4149 974 4199 Urb.
1117 4148 1206 4215 13)
1265 4147 1432 4199 τοῦτο
1471 4149 1571 4199 cod
1606 4165 1660 4214 η.
1699 4175 1763 4184 -
1810 4136 1945 4199 κατ’
1978 4165 2027 4198 u.
2064 4148 2213 4199 Man.
2356 4146 2441 4212 14)
2500 4136 2801 4211 ’κατηγόρει

520 4234 694 4299 Augl.
729 4234 780 4288 k.

658 4320 798 4373 276.
849 4316 897 4380 1)
937 4306 1106 4375 αὐτὸς
1142 4332 1228 4367 om
1266 4316 1437 4381 Augl.
1473 4318 1522 4370 lc.
1568 4317 1758 4366 vindi.
1796 4314 1952 4369 Pam.
1994 4318 2049 4367 in
2086 4333 2151 4379 γρ
2188 4316 2361 4367 habet
2394 4332 2437 4367 s.
2462 4322 2588 4381 post
2609 4307 2804 4381 ἁπλαῖς

523 4408 729 4467 ponunt
764 4420 809 4451 r.
849 4403 1045 4485 Viudff.
1083 4400 1164 4468 (in
1198 4400 1482 4451 Bekkeria
1521 4407 1607 4453 est
1643 4402 1831 4467 error).
