3084 4938
462 655 517 697 2⁰

550 356 673 420 120
1126 366 1566 411 nnuos‘rflnms
1597 362 1830 407 oum-10
1861 364 1946 403 m:
1977 359 2241 405 cosona,

548 520 676 597 κᾶν
712 526 1163 615 ὃιαρραγωσίν
1184 523 1371 602 ’τινες
1404 512 1726 606 τοἰ5τιῑι·)ν,’Ζ
1773 512 1888 588 ὖπῖ
1937 519 2129 605 ἐμοῦ·
2183 519 2416 605 ἕτερον
2463 512 2666 588 κατά3
2714 522 2836 607 τῆς

548 627 803 708 πόλεως
840 617 1315 715 ἐπιτειχισμὸν*
1354 616 1618 709 ἐζήτειῖ
1674 616 1886 708 Ὀρων
1924 614 2037 688 δ’6
2071 615 2172 689 ὅτι
2205 620 2373 711 ’σίτω
2407 617 2680 689 πάντων
2713 617 2836 691 ἆν-

546 728 847 820 θρῶπων
880 734 1171 819 πλείστῳ
1195 719 1492 815 χρώμεθ’
1534 719 1918 813 guagonem,
1955 718 2363 810 βουλόμενος
2379 724 2496 809 τῆς
2523 743 2834 813 σιτοπομ-

546 825 735 913 πίιιις7
772 829 999 921 κύριος
1031 830 1371 918 γενέσθαι,
1408 852 1541 915 παρ
1549 820 1772 895 ελθων
1811 824 1918 893 ἐπὶ
1943 822 2211 913 Θρᾴκης
2237 831 2642 907 Βυζαντίους
2665 847 2834 914 συμ-

544 932 795 1024 μάχους
829 925 1063 1011 ὄνταςὸ
1100 924 1287 1021 αὐτῷ
1298 922 1323 961 ⁹
1370 923 1444 997 τὰ
1490 926 1616 1016 μὲν
1664 928 1930 1016 πρῶτον
1978 921 2168 1014 ἠξίου
2215 935 2670 1016 συμπολεμεῖν
2711 925 2836 999 τὸν

542 1138 756 1197 vestris,
818 1134 913 1191 sed
942 1118 1417 1190 administratione·
1440 1131 1786 1204 decretisque
1825 1129 2058 1201 (etiamsi
2092 1138 2420 1203 rumpantur
2448 1133 2678 1187 istorum
2709 1135 2832 1206 qui-

544 1220 684 1293 dam)
718 1221 877 1283 meis:
910 1219 1049 1275 alius
1080 1218 1295 1290 generis
1327 1214 1722 1291 oppugnandae
1753 1214 2081 1288 reipublicae
2111 1222 2330 1271 nostrae
2357 1217 2830 1289 propugnaculum

542 1305 899 1380 quaeritabat.
946 1303 1081 1371 Quia
1119 1311 1299 1358 autem
1332 1300 1517 1356 videns
1550 1316 1650 1356 uos
1681 1299 1918 1374 plurimo
1951 1302 2190 1355 omnium
2225 1300 2502 1355 hominum
2535 1302 2830 1375 importata

542 1390 818 1446 frumento
852 1390 949 1459 uti,
984 1404 1206 1461 operam
1236 1386 1413 1447 dabat.
1446 1392 1509 1441 ut
1540 1386 1950 1441 frumentariam
1975 1386 2276 1441 vectionem
2307 1388 2362 1441 in
2406 1402 2559 1441 suam
2589 1395 2830 1460 potesta-

544 1596 730 1670 (ἡμῶν
766 1602 959 1656 οοιτΣ.
1003 1630 1073 1641 --
1116 1592 1233 1668 ἀφ’
1268 1592 1429 1669 ὑμῶν
1466 1600 1681 1667 Laut-S)
1721 1592 1979 1666 ἔξῆλοῖθη
2015 1596 2276 1665 τοῖςμὲν
2311 1590 2509 1659 ὅπλοις
2543 1600 2688 1671 χιι-Σ,
2737 1618 2830 1653 eu—

540 1692 629 1741 ius
667 1692 924 1756 antiquus
962 1693 1241 1741 corrector
1274 1675 1386 1752 ὑφ’
1422 1677 1587 1750 ὑμῶν
1623 1688 1792 1737 etiam
1813 1692 1952 1750 post
1985 1674 2182 1743 ὅπλοις
2216 1686 2624 1752 superscripsit.
2695 1689 2830 1737 item

540 1774 729 1826 Laui-S
768 1780 826 1825 et
849 1774 1005 1840 Aug2
1040 1762 1305 1835 ὑφ’ὖμαῗν
1340 1777 1465 1837 post
1500 1764 1698 1829 ὅπλοις
1732 1771 1955 1832 habent,
1995 1785 2321 1835 quamquam
2355 1774 2830 1837 praepositionem

542 1866 600 1911 et
644 1875 942 1926 pronomen
988 1858 1195 1909 habent
1242 1861 1371 1905 ante
1410 1846 1686 1920 ἐξηλάθη.
1737 1882 1804 1889 —-
1847 1845 1957 1921 ὑφ’
1995 1846 2156 1921 ὖμαῑν
2191 1846 2373 1919 (ἡμῶν
2413 1857 2568 1919 Urb.)
2605 1852 2710 1921 μὲν
2746 1848 2825 1919 ἐξ.

540 1949 661 2003 τοῖς
706 1932 905 2001 ὅπλοις
946 1940 1008 1992 Τ.
1040 1960 1097 2007 p.
1136 1959 1181 1991 r.
1220 1940 1380 1993 Lind.
1419 1938 1616 1989 Vind4.
1654 1938 1785 1991 Urb.
1823 1967 1892 1974 ——
1929 1931 2004 2001 ἐξ.
2044 1941 2166 1997 τοῖς
2201 1930 2326 1990 ὅπλ.
2365 1930 2474 2005 ὑφ’
2509 1932 2670 2005 ὑμῶν
2705 1943 2826 1992 sine

539 2024 647 2094 μὲν
692 2026 887 2078 vind3.
936 2054 999 2061 -
1048 2024 1325 2090 Insipidus
1376 2022 1597 2087 quidam
1647 2023 1886 2073 correxit
1919 2025 2309 2075 Demosthenis
2357 2026 2658 2077 chiasmum
2701 2028 2758 2076 in
2795 2018 2824 2075 ὁ

541 2110 822 2167 Φίλιππος
866 2100 977 2173 ὑφ’
1012 2100 1173 2174 ἡμῶν
1210 2098 1497 2173 ἐξηλάθη,
1549 2108 1667 2163 τοῖς
1703 2100 1810 2171 μὲν
1846 2095 2043 2177 ς’)’πλοις
2079 2099 2188 2173 ὑφ’
2223 2100 2414 2173 ὑμῶν,
2461 2109 2532 2175 τῇ
2569 2104 2636 2161 δὲ
2670 2112 2826 2162 πολι,

536 2194 665 2261 τείᾳ
710 2199 819 2245 etc.
882 2182 1001 2244 ὑπ’
1053 2185 1210 2257 ἐμοῦ.
1292 2192 1427 2241 Inde
1477 2192 1644 2241 etiam
1691 2192 1906 2257 reliqua
1957 2194 2204 2244 varietas
2259 2193 2537 2246 lectionis.
2627 2196 2828 2247 Orator

540 2284 723 2331 autem
774 2278 1092 2344 praeposuit
1136 2266 1245 2341 ὑφ’
1279 2266 1467 2343 ὑμῶν,
1515 2278 1646 2341 quia
1680 2276 1872 2327 laudes
1909 2278 1992 2327 sui
2030 2278 2334 2328 invidiosas
2371 2294 2494 2329 esse
2531 2280 2824 2340 sentiebat,

536 2366 725 2429 itaque
764 2362 943 2413 locum
978 2362 1299 2423 construxit,
1339 2366 1399 2411 ut
1433 2376 1792 2431 personarum
1828 2362 2104 2428 oppositio
2131 2362 2498 2415 collocatione
2525 2382 2626 2432 per
2649 2366 2826 2415 chiae-

536 2464 681 2501 mum
716 2451 1029 2514 appareret,
1069 2462 1157 2497 res
1195 2451 1381 2498 autem
1418 2462 1515 2514 per
1552 2446 1862 2512 particulas
1897 2440 2005 2511 μὲν
2037 2475 2092 2485 -
2120 2440 2188 2499 δὲ
2223 2454 2646 2514 opponerentur.
2767 2449 2820 2512 2)

535 2525 753 2584 τούτων
796 2549 883 2583 om
924 2549 977 2597 p.
1106 2531 1160 2597 3)
1206 2522 1319 2582 ὖπό
1364 2533 1564 2598 prUrb.
1693 2531 1747 2594 4)
1796 2530 1976 2582 Schol.
2018 2532 2087 2582 ad
2123 2533 2315 2583 Chers.
2355 2537 2402 2596 5.
2439 2531 2508 2583 88
2545 2535 2628 2585 ed.
2666 2537 2822 2597 Mor„

535 2619 633 2669 ubi
670 2615 889 2683 χωρίων
926 2617 1141 2682 corrige
1177 2617 1235 2666 in
1272 2615 1495 2682 χωρίον.
1571 2616 1813 2666 Cramer.
1849 2616 2057 2666 Anecd.
2097 2617 2201 2667 Ox.
2238 2619 2304 2670 Τ.
2329 2619 2461 2712 Hp.
2487 2616 2605 2670 363.
2680 2620 2821 2669 Har-

536 2717 682 2769 pocr.
722 2701 873 2752 Suid.
978 2701 1033 2766 5)
1072 2693 1328 2765 ἐπεζήτει
1365 2699 1527 2751 Lind.
1631 2698 1685 2760 6)
1729 2698 2047 2751 ‘Sententia
2083 2702 2332 2767 postulat
2356 2695 2482 2768 γάρ.
2504 2719 2632 2754 nam
2657 2705 2822 2755 inter-

536 2786 718 2854 ceptio
756 2791 878 2836 erat
915 2785 1058 2836 alter
1094 2786 1282 2836 modus
1306 2785 1554 2836 Athenas
1591 2783 1746 2834 velut
1781 2785 2033 2850 apposito
2060 2787 2293 2850 quodam
2321 2787 2562 2842 adlatus
2588 2789 2822 2852 castello

536 2867 955 2938 compescendi.’
994 2870 1339 2920 Reiskius.
1415 2869 1732 2920 ‘Sententia
1765 2883 1875 2920 non
1909 2871 2155 2936 postulat
2177 2863 2306 2937 γὰρ,
2349 2874 2456 2922 etsi
2479 2875 2820 2924 verissimum

536 2962 635 3020 est,
678 2956 819 3022 qnod
854 2954 1114 3006 Reiskius
1150 2954 1218 3005 de
1256 2954 1518 3004 frumenti
1553 2955 1954 3021 interceptione
1992 2957 2230 3022 scripsit.
2301 2957 2643 3024 Saepissime
2679 2959 2819 3009 enim

534 3040 811 3107 particula
864 3031 929 3090 δὲ
980 3037 1308 3104 simpliciter
1360 3029 1588 3103 copulat
1641 3041 2078 3103 enuntiationes,
2137 3041 2402 3106 quomodo
2456 3043 2820 3109 intelligenda

532 3126 717 3176 omnia
753 3123 855 3172 illa
888 3122 1032 3184 loca,
1068 3123 1165 3172 ubi
1203 3115 1268 3172 δὲ
1303 3121 1486 3188 vulg0,
1526 3123 1623 3173 sed
1661 3140 1964 3189 perperam„
1987 3125 2186 3176 dicitur
2221 3127 2380 3192 fungi
2415 3127 2540 3178 vice
2580 3126 2820 3179 causalis

532 3201 681 3273 yolo)
732 3206 1171 3257 SchaeferuS.
1244 3205 1329 3256 Cf.
1366 3208 1736 3258 Bornemann.
1777 3209 1848 3259 ad
1885 3209 1962 3260 St.
2001 3210 2190 3262 Lucae
2226 3211 2440 3277 Evang.
2477 3213 2695 3277 XXIII,
2735 3213 2815 3264 27.

534 3293 736 3344 ‘Recte
782 3291 1045 3356 scriptum
1092 3297 1177 3342 est
1224 3292 1279 3340 in
1326 3291 1482 3341 libris
1528 3284 1678 3357 ὁρῶν
1725 3283 1784 3344 δ’
1829 3279 1916 3344 ὅτι
1961 3295 2106 3358 nti„
2155 3311 2484 3362 quamquam
2533 3313 2604 3349 ea
2649 3299 2819 3349 verba

490 3389 494 3394 ·
534 3379 703 3429 etiam
749 3392 849 3442 per
890 3367 999 3440 γὰρ
1036 3375 1393 3442 particulam,
1443 3392 1604 3441 quom
1643 3379 2072 3444 explicationem
2111 3381 2228 3430 eius
2265 3382 2406 3446 quod
2445 3382 2818 3448 significatum

533 3467 655 3513 erat
689 3463 748 3512 in
782 3477 843 3512 se
882 3461 1254 3520 continerent,
1306 3461 1511 3511 adferri
1545 3466 1820 3527 poterant.
1893 3464 2000 3514 Sed
2035 3465 2176 3514 nihil
2211 3471 2398 3516 tamen
2435 3482 2570 3532 opus
2605 3469 2817 3520 Reiskii

530 3549 868 3597 coniectura.
941 3545 1068 3612 quid
1106 3545 1251 3596 enim
1290 3546 1517 3611 impedit
1555 3549 1838 3612 quominus
1875 3565 1976 3614 per
1999 3550 2400 3616 oppositionem
2427 3567 2495 3602 es.
2521 3552 2816 3619 explicatio

526 3629 819 3692 inferatur,
857 3629 1309 3695 quemadmodum
1348 3632 1512 3680 etiam
1551 3647 1650 3682 nos
1686 3633 1958 3684 dicamus:
2002 3635 2078 3684 Er
2112 3636 2252 3686 hatte
2289 3637 2416 3688 uber
2449 3651 2580 3688 new,
2619 3655 2717 3704 pro
2753 3654 2815 3688 eo

529 3712 671 3778 quod
718 3711 829 3762 dici
874 3717 1079 3779 potuit:
1126 3715 1207 3764 Er
1240 3715 1379 3765 haue
1420 3717 1636 3766 noi'mlich
1670 3716 1822 3768 usw!
1870 3719 2190 3770 Klotzius
2229 3721 2298 3771 ad
2336 3723 2540 3774 Devar.
2577 3724 2636 3773 Τ.
2673 3724 2726 3773 11
2760 3741 2812 3788 p.

525 3793 628 3847 363
664 3811 743 3860 sq
814 3797 919 3848 Est
955 3799 1171 3864 quidem
1206 3798 1259 3854 h.
1297 3799 1333 3853 1.
1373 3802 1665 3866 oppositio,
1705 3817 1882 3868 neque
1920 3819 2051 3855 vero
2090 3806 2161 3855 ad
2197 3806 2583 3872 explicandum
2612 3801 2676 3858 τὸ
2703 3802 2814 3858 ets·

528 3895 633 3945 ρον
680 3872 1097 3948 ἐπιτειχισμόν,
1148 3883 1247 3934 sed
1282 3886 1387 3935 dno
1424 3891 1673 3952 tempora
1709 3895 2079 3954 opponuntur.
2129 3881 2329 3956 ἐπειδὴ
2365 3889 2566 3942 τοίνυν
2601 3883 2665 3982 ἐξ
2702 3883 2814 3944 Εὖ·

526 3964 695 4032 βοίας
720 3956 749 4017 ὁ
776 3964 1059 4026 Φίλιππος
1084 3959 1362 4036 ἐξηλάθη,
1386 3975 1444 4020 et
1462 3962 1612 4036 ὀροῖν
1638 3962 1698 4023 δ’
1717 3961 1804 4023 ὅτι
1828 3974 1942 4024 κτλ.
1965 3973 2312 4036 Βυζαντίους
2333 3953 2670 4041 ἐπολιόρκει,
2689 3969 2813 4028 wd-

520 4068 635 4104 των
671 4044 746 4103 δὲ
782 4047 1153 4117 γιγνομένων,
1192 4053 1254 4104 τί
1282 4049 1554 4120 προςήκει
1581 4059 1772 4107 ποιειν
1795 4048 1974 4122 ὕμοῖςς
2011 4060 2098 4110 En
2124 4061 2418 4126 repetitum
2441 4062 2588 4113 idem
2617 4057 2702 4113 δέ.
2727 4065 2812 4114 In—

523 4137 959 4204 terpungendum
990 4137 1159 4204 igitur
1193 4145 1318 4205 post
1352 4133 1643 4204 πολιόρκει
1667 4156 1774 4190 non
1801 4141 1981 4207 plene,
2005 4145 2188 4208 potius
2214 4151 2344 4196 ante
2365 4137 2560 4210 Ορῶν.
2653 4147 2708 4212 7)
2733 4161 2810 4198 σι-

522 4220 875 4287 τοπομπείας
908 4222 1059 4288 vulg.
1098 4247 1161 4259 —-
1200 4229 1606 4288 σιτομποπιϊας
1627 4221 1705 4278 Ω.
1731 4251 1797 4261 -—
1823 4227 2205 4294 σιτοπομπίας
2230 4229 2299 4281 Σ.
2325 4231 2532 4282 LaurS.
2567 4231 2629 4282 Τ.
2653 4233 2718 4282 F.
2745 4233 2808 4283 Φ.

520 4322 577 4367 p.
612 4321 659 4355 r.
694 4307 917 4373 s.Augl.
954 4307 1002 4358 2.
1040 4309 1090 4358 4.
1130 4309 1325 4359 Vindl.
1362 4310 1411 4359 4.
1450 4309 1499 4360 5.
1538 4309 1672 4364 Urb.
1709 4311 1865 4362 Pall.
1903 4313 1951 4364 2.
1991 4314 2157 4364 Barb.
2231 4314 2317 4366 cf.
2344 4317 2425 4380 55.
2451 4317 2569 4367 241.
2595 4317 2710 4368 301.
2771 4317 2810 4368 f.

521 4386 629 4452 leg.
656 4389 703 4449 ὃ.
734 4389 848 4444 1²3.
885 4392 1151 4445 Aristocr.
1177 4396 1225 4459 5.
1256 4393 1367 4448 155.
1461 4393 1517 4461 8)
1555 4383 1726 4456 ὄντας
1751 4389 2080 4482 συμμάχους
2101 4399 2294 4451 Vindl.
2389 4399 2442 4464 9)
2469 4399 2622 4467 αυτῷ
2649 4399 2716 4452 Σ.
2745 4429 2808 4439 --
