3084 4938
544 752 595 792 ¹5

630 354 713 417 62
1200 374 1646 417 uenosi-nanis
1677 372 1914 414 ona-rio
1945 374 2032 413 nn
2063 372 2332 413 cenom.

626 530 957 611 πεποίηκα
986 526 1199 595 ταῦτα
1210 520 1259 613 ,⁵
1292 518 1632 595 ἇκοίνιτιειν6
1661 520 2040 613 Ἀθηναίων
2073 525 2182 593 καὶ
2219 517 2722 611 λυπουμένων,7
2765 518 2940 603 οἴετ’

628 632 817 711 εἰπερ
854 614 937 693 εὖ
968 642 1313 715 φρονεῖτε,
1350 616 1407 695 ὦ
1440 620 1762 713 Θηβαῖοισε
1799 628 1910 695 καὶ
1945 632 2296 711 Θετταλοί,
2334 621 2613 705 τούτους
2647 623 2792 713 μὲν
2833 627 2941 712 ἐχ-

627 722 842 811 &poris
876 720 1366 815 ὖπολήψεσθε,9
1402 730 1546 816 ἐμοὶ
1585 728 1660 797 δὲ
1693 722 2190 813 πιστεύσετε,’“”
2223 719 2366 795 οὖ“
2403 721 2664 805 τούτοις
2703 742 2864 803 τοῖς
2889 718 2938 757 ¹²

629 822 874 915 ῥήμασι
918 824 1181 917 γράψας
1194 882 1213 916 ,
1260 830 1469 897 ταῦτα
1516 828 1594 897 δὲ
1637 826 2042 916 βουλόμενος
2079 822 2441 895 δεικνύναι.
2537 828 2938 915 Τοιγαροῦν

632 929 705 995 ἐκ
738 924 997 997 τούτων
1030 924 1221 1020 ᾤχετ’
1262 932 1558 1009 ἐκείνους
1595 920 1883 1015 λαβών13
1919 935 2014 1008 εἰς
2047 922 2120 997 τὸ
2153 922 2319 1017 μηδ’
2345 920 2577 995 ὁτιοῦν
2611 928 2938 1015 προορᾶν

630 1126 947 1185 ferentibus.
1008 1146 1207 1204 quare,
1240 1132 1285 1187 si
1318 1126 1536 1205 sapitis.
1571 1148 1604 1185 o
1633 1129 1872 1186 Thebani
1901 1138 1958 1183 et
1985 1127 2256 1189 Thessali.
2289 1144 2384 1184 eos
2415 1128 2604 1183 hostes
2635 1128 2930 1183 existima-

628 1210 758 1267 bitis
800 1220 855 1267 et
896 1214 1026 1270 mihi
1070 1214 1227 1269 iidem
1268 1214 1579 1271 habebitis?
1655 1232 1764 1269 non
1795 1213 1942 1287 quod
1973 1214 2102 1269 haec
2131 1212 2292 1267 verba
2322 1212 2602 1288 posuerit,
2647 1211 2744 1267 sed
2785 1213 2928 1267 haec

626 1302 775 1351 certe
804 1298 1093 1353 ostendere
1124 1298 1252 1354 vult.
1312 1299 1405 1353 His
1436 1299 1600 1355 rebus
1631 1298 1754 1354 illos
1779 1298 2050 1369 decipiens
2073 1298 2150 1351 ita
2171 1299 2455 1370 corripuit,
2477 1303 2540 1351 ut
2563 1296 2690 1351 nihil
2715 1303 2926 1369 postea

628 1378 897 1436 factorum
942 1384 1320 1457 prospicerent
1360 1392 1455 1440 aut
1496 1383 2008 1443 animadverterent,
2055 1380 2148 1436 sed
2189 1396 2310 1438 eum
2341 1382 2520 1437 omnia
2547 1383 2602 1436 in
2635 1396 2798 1437 suam
2833 1394 2924 1433 re-

762 1595 813 1659 5)
861 1594 1041 1647 ταῦτα
1088 1586 1194 1663 {vd
1239 1594 1529 1663 πεποίηκα
1577 1596 1725 1663 vulg.
1775 1621 1834 1630 —
1885 1586 1991 1660 ἐγώ
2036 1592 2324 1660 πεποίηκα
2373 1591 2556 1645 ταῦτα
2589 1592 2806 1645 Laui-S.
2847 1618 2918 1629 ·-

626 1668 733 1745 lyei
780 1668 1069 1747 nfiprolnuoe
1115 1674 1297 1733 τοὶὖτα
1332 1683 1401 1735 Σ.
1444 1684 1480 1733 i.
1518 1698 1566 1733 e.
1607 1674 1712 1746 ἐγώ
1747 1678 1928 1731 ταῦτα
1963 1680 2270 1745 πεποίηκα.
2346 1678 2532 1741 ‘Quod
2565 1678 2714 1728 male
2749 1693 2918 1729 rece-

624 1762 708 1830 pit
744 1764 1071 1821 Dindorfius.
1142 1768 1480 1833 pronominis
1516 1766 1669 1816 nulla
1703 1765 1796 1815 hic
1834 1764 1962 1813 talis
1999 1762 2122 1815 vis)
2160 1762 2541 1813 Dissenius.
2611 1764 2729 1812 Imo
2759 1762 2912 1811 bene

624 1849 911 1913 personale
936 1866 1233 1917 pronomen
1258 1852 1633 1917 praeponitur.
1674 1850 1825 1899 Dicit
1852 1849 1995 1898 enim
2021 1849 2152 1897 iste:
2191 1848 2347 1912 Ego,
2385 1862 2544 1897 nemo
2571 1847 2732 1910 alius,
2759 1846 2911 1895 haec

623 1932 852 1997 perfeci,
898 1934 1065 1985 etiam
1102 1934 1292 1985 invitis
1328 1934 1772 1983 Atheniensibus.
1843 1932 2060 1982 Deinde
2097 1933 2321 1997 gravius
2357 1936 2444 1981 est
2475 1946 2774 1997 pronomen
2813 1930 2910 1979 de-

626 2018 1043 2067 monstrativum
1076 2018 1245 2068 verbo
1280 2016 1589 2082 πεποίηκα,
1629 2017 1731 2067 hoc
1768 2018 1954 2083 igitur,
1995 2032 2063 2067 ne
2101 2018 2206 2066 duo
2231 2016 2426 2082 gravia
2445 2016 2722 2067 vocabula
2747 2016 2906 2064 dein-

626 2114 757 2165 ceps
805 2101 1220 2163 continuentur,
1266 2100 1710 2167 praeponendum
1758 2104 1867 2163 est,
1915 2108 1975 2151 ut
2019 2102 2226 2151 factum
2273 2107 2392 2149 erat
2427 2100 2908 2179 imantiquissirno

624 2182 834 2247 codiee,
872 2184 1027 2235 fonte
1065 2185 1343 2236 amborum
1382 2183 1438 2234 Σ
1469 2188 1525 2235 et
1561 2184 1767 2235 LaurS.
1889 2184 1941 2250 6)
1979 2174 2308 2236 ἀκουόντων
2343 2184 2481 2249 Ang.
2601 2182 2658 2248 7)
2696 2184 2904 2234 λοπου·

622 2258 837 2333 μένων,
886 2284 1005 2319 curn
1051 2268 1207 2335 signo
1254 2270 1710 2335 interrogationis
1749 2269 1870 2319 Ald.
1917 2271 2051 2321 Mor.
2091 2270 2371 2333 aliaeque,
2422 2282 2752 2333 quamquam
2788 2270 2902 2317 iam

622 2350 859 2401 Paulina
907 2358 1239 2404 correxerat.
1314 2354 1513 2403 ‘Recte
1555 2354 1693 2417 (sine
1741 2354 2194 2420 interrogationis
2229 2350 2409 2418 signo)
2445 2353 2902 2417 interpunxerunt

622 2434 905 2488 Wunderl.
955 2442 1011 2488 et
1043 2436 1284 2490 Bekker.
1356 2438 1505 2488 Idem
1553 2439 1768 2506 signum
1813 2438 2112 2490 tollendum
2151 2436 2278 2490 aliis
2313 2436 2586 2487 similibus
2623 2436 2791 2500 loeis,
2841 2440 2902 2485 nt

624 2519 784 2587 Lept.
832 2538 887 2587 p.
934 2521 1057 2584 485,
1114 2521 1200 2586 ll,
1250 2523 1319 2573 ad
1366 2539 1416 2588 q.
1462 2523 1570 2574 loe.
1609 2525 1698 2574 Fr.
1739 2525 1804 2573 A.
1840 2523 2069 2573 wolfius
2104 2541 2157 2588 p.
2196 2519 2323 2572 311:
2369 2521 2660 2572 Recitatas
2705 2520 2900 2571 literas

622 2604 875 2670 publicas
912 2608 1159 2672 sequitur
1192 2607 1391 2673 ubique
1428 2597 1692 2667 ἀκούετε,
1739 2599 1908 2669 ὁρᾶτε
1949 2601 2298 2672 [σκέψασθε,
2349 2594 2656 2672 ἀκηκόατε]
2697 2611 2792 2656 aut
2825 2604 2898 2654 si-

622 2688 747 2738 mile
788 2689 1107 2755 quidquam,
1156 2691 1306 2742 nulla
1344 2691 1789 2758 interrogatione.
1861 2691 1999 2740 Vide
2037 2689 2414 2740 Wunderlieh.
2453 2689 2641 2739 Praef.
2677 2706 2731 2755 p.
2771 2689 2899 2739 XVI

616 2789 689 2818 ==
722 2771 893 2825 xlm
932 2773 1374 2826 SchaeferuS.
1446 2777 1536 2826 Fr.
1575 2777 1638 2824 A.
1679 2774 1849 2824 Wolf.
1889 2773 1957 2824 ad
1993 2775 2153 2839 Lept.
2192 2777 2240 2837 §-
2277 2774 2344 2823 75
2379 2773 2468 2837 (=
2499 2771 2607 2834 93).
2650 2773 2790 2823 Item
2813 2773 2892 2833 ἓξ.

615 2855 697 2908 152.
745 2855 852 2923 [2-1.
898 2857 1007 2908 158.
1042 2857 1150 2930 290
1184 2865 1293 2910 ete.
1366 2859 1452 2911 cf.
1495 2855 1752 2910 ‘Videte’
1785 2863 1908 2922 post
1944 2857 2258 2909 testimonia
2294 2858 2532 2908 recitata
2566 2857 2748 2908 Cicer.
2776 2856 2892 2906 Mil.

617 2957 740 3007 cap.
771 2941 832 2991 18
858 2943 977 2992 init.
1050 2942 1158 2994 Sed
1192 2944 1529 3011 plerumque,
1567 2948 1628 2994 ut
1665 2949 2091 2994 consentaneum
2130 2947 2229 3005 est,
2269 2942 2602 2992 indicativus
2637 2947 2766 3008 post
2799 2957 2891 2992 au-

536 3068 541 3077 ,
617 3025 733 3076 dita
768 3026 1096 3077 documenta
1132 3028 1221 3078 vel
1258 3028 1576 3078 testimonia
1610 3028 1994 3094 usurpabatur,
2035 3033 2164 3078 ante
2203 3025 2478 3076 audienda
2512 3027 2890 3092 imperativus.

618 3107 738 3158 Vid.
777 3111 1013 3160 Timocr.
1051 3113 1097 3173 5.
1134 3110 1217 3162 64.
1323 3112 1376 3176 8)
1415 3103 1701 3178 α’θήναῖοι
1735 3112 1985 3163 Marcell.
2088 3111 2140 3174 9)
2177 3101 2596 3177 ὖπολήμψεσθε
2626 3111 2696 3162 Σ.
2766 3110 2887 3160 vid.

510 3158 519 3195 ·’
614 3191 871 3258 Prolegg.
912 3193 1047 3247 crit.
1084 3195 1132 3255 §-
1168 3196 1234 3244 72
1270 3213 1322 3262 p.
1359 3195 1475 3246 220.
1621 3196 1703 3260 ιο)
1749 3193 2040 3248 πιστεύετε
2075 3195 2323 3246 Marcell.
2363 3195 2561 3246 vinde.
2707 3194 2788 3261 ιι)
2827 3189 2888 3247 ἐν

614 3277 752 3343 Aug.
866 3277 943 3342 12)
981 3280 1102 3340 τοῖς
1138 3279 1343 3330 excidit
1378 3275 1757 3345 ροει-τούτοις
1791 3282 2049 3348 Herwag.
2089 3309 2152 3318 --
2189 3271 2258 3330 οὗ
2283 3321 2296 3334 .
2325 3317 2338 3330 .
2365 3317 2379 3332 .
2407 3274 2708 3331 δεικνύναι
2745 3283 2892 3331 delet

614 3361 854 3414 Cobetus
902 3365 985 3413 De
1032 3364 1163 3414 Arte
1209 3364 1618 3430 Interpretandi
1653 3382 1704 3431 p.
1749 3364 1859 3419 140.
1934 3365 2165 3415 ‘Dubito
2211 3365 2278 3414 de
2323 3363 2509 3415 verbis
2555 3357 2626 3416 οὖ
2669 3361 2890 3424 τούτοις

612 3449 733 3506 τοῖς
769 3439 979 3514 ᾆήμασι
1016 3441 1261 3514 γράψας,
1302 3447 1481 3498 ταῦτα
1519 3442 1584 3499 δὲ
1609 3441 1954 3514 βουλόμενος
1981 3442 2294 3511 δεικνύναι,
2336 3449 2404 3498 ad
2441 3465 2584 3515 quae
2609 3457 2760 3502 certe
2781 3467 2886 3501 non

610 3537 733 3582 erat
770 3548 866 3583 cur
902 3533 957 3582 in
996 3537 1207 3582 tantam
1246 3533 1487 3583 Cobetus
1523 3533 1958 3598 indignationem
1999 3542 2328 3600 crumperet,
2367 3541 2430 3585 ut
2465 3535 2534 3584 de
2572 3535 2888 3586 Constanti-

612 3616 930 3680 nopolitano
975 3619 1166 3667 nescio
1215 3631 1316 3682 quo
1360 3623 1590 3668 veterno
1636 3622 1692 3668 et
1735 3619 1890 3669 senio
1935 3619 2290 3670 declamaret.
2359 3621 2560 3671 Verum
2605 3625 2690 3670 est
2727 3622 2883 3684 enim,

612 3695 699 3747 his
736 3699 873 3762 ipsis
909 3701 1093 3751 verbis
1130 3702 1186 3750 in
1225 3701 1459 3767 epistola
1496 3717 1598 3752 sua
1633 3700 1946 3767 Philippum
1981 3718 2092 3754 non
2127 3719 2249 3755 esse
2283 3719 2468 3767 nsum,
2505 3705 2602 3755 sed
2641 3705 2760 3756 eius
2793 3723 2882 3757 vo-

612 3778 881 3832 luntatem
918 3787 1129 3835 tantum
1168 3790 1225 3834 et
1262 3785 1548 3836 eonsilium
1585 3786 1654 3836 ab
1693 3790 1910 3836 oratore
1937 3788 2185 3852 exprimi.
2253 3788 2430 3839 Simili
2457 3787 2694 3840 artificio
2719 3791 2886 3840 utitur

610 3863 707 3916 Or.
756 3866 881 3916 xxl
926 3869 975 3928 §-
1020 3867 1159 3920 211)
1212 3871 1772 3922 Westermannus
1817 3873 1900 3920 De
1939 3871 2059 3922 orr.
2097 3873 2208 3922 Att.
2245 3873 2676 3938 interpolatione
2711 3891 2764 3940 p.
2807 3873 2880 3924 13.

610 3947 749 4000 Mihi
796 3951 1011 4016 quidem
1056 3955 1375 4006 necessaria
1419 3955 1518 4006 illa
1565 3956 1735 4007 verba
1771 3957 2050 4017 videntur,
2099 3958 2147 4006 si
2185 3957 2240 4006 in
2275 3957 2515 4023 Philippi
2549 3957 2730 4009 literis
2767 3960 2882 4023 ipsa

610 4035 782 4086 verba
818 4051 925 4086 non
962 4037 1111 4088 lecta
1146 4043 1288 4088 sunt.
1396 4037 1478 4097 13)
1518 4041 1652 4090 Post
1687 4031 1875 4106 λαβών
1909 4041 1966 4088 in
2001 4041 2105 4089 Ald
2139 4040 2300 4106 plene
2338 4043 2742 4107 interpunetum
2781 4047 2876 4104 est,

608 4119 774 4185 vulgo
810 4125 1095 4174 commate.
1138 4149 1201 4158 —-
1236 4115 1437 4174 λαθών
1462 4123 1659 4174 Mai-kl.
1689 4123 1952 4172 coniecit:
1979 4149 2050 4160 —
2083 4120 2274 4188 βαλών
2293 4125 2352 4175 in
2377 4126 2604 4191 Taylori
2629 4127 2876 4178 Mon-elia.

612 4205 873 4256 ‘Scilicet
908 4199 1099 4274 βαλὸν
1136 4199 1218 4264 εἰς
1251 4199 1315 4258 τὸ
1349 4198 1491 4274 μηδ’
1518 4199 1716 4258 ὁτιοῦν
1751 4206 2024 4270 προορᾶν,
2063 4213 2280 4260 coniecit
2303 4213 2354 4260 in
2379 4225 2488 4262 eam
2519 4211 2874 4262 securitatem?

608 4289 959 4354 Taylorun.
1034 4291 1095 4340 ln
1134 4307 1253 4341 meo
1290 4291 1588 4356 exemplari
1613 4292 1878 4343 Mor-eliae
1915 4299 1976 4342 ut
2013 4295 2070 4343 in
2105 4295 2354 4346 omnibus
2379 4295 2537 4346 libris
2565 4303 2652 4346 est
2675 4290 2872 4358 λαβὸν.

610 4369 799 4422 Recto.
872 4375 1085 4424 ‘Dictio
1120 4365 1297 4438 ᾤχετο
1332 4366 1541 4434 αὖτοὺς
1579 4370 1765 4440 λαβών
1803 4383 1912 4426 tam
1939 4379 2134 4428 crebro
2158 4379 2362 4444 legitur
2385 4381 2532 4445 apud
2555 4383 2874 4432 Demosthe-
