3084 4938
420 1041 470 1081 25

501 343 584 404 54
1070 357 1516 399 nexos‘rnsms
1550 357 1787 398 ons-1³10
1818 359 1902 398 ns
1936 357 2207 399 conci-m.

503 517 596 592 εἰς
639 507 936 600 μακράν,
983 503 1177 590 τούςῧ
1210 503 1370 599 μὲν4
1408 511 1683 592 Φωκέας
1718 505 2091 580 ἀπολέσθαι
2128 511 2239 581 καὶ
2273 505 2785 601 κατασκαφῆναι

503 609 616 692 τὰς
653 610 876 691 πόλεις
912 607 1157 698 αὐτῶν,
1186 605 1357 699 ὑμᾶς
1396 607 1461 680 δ’
1491 606 1775 700 ἡσυχίαν
1809 607 2215 699 ἀγαγόντας5
2250 615 2363 681 καὶ
2398 611 2616 707 τούτῳ
2646 641 2781 683 πει-

503 715 790 793 ‹ret-‘vtae
839 709 1079 801 μικρὸν
1123 708 1406 802 ὕστερον
1451 728 1910 800 σκευαγωγεῖν
1956 716 2030 781 ἐκ
2062 717 2200 782 τῶν
2232 707 2495 801 ἀγρῶν,
2544 718 2785 785 τοῦτον

508 815 583 884 δὲ
628 820 905 904 χρυσίον
953 819 1221 901 λαβεῖν,
1269 813 1379 882 καὶ
1429 819 1522 882 ἔτι
1573 811 1737 901 πρὸς
1785 810 2042 893 τούτοις
2088 810 2215 900 τὴν
2260 812 2386 903 μὲν
2418 809 2785 904 ἀπέχθειαν

502 910 627 1002 τὴν
661 908 863 1004 πρὸς(ς
892 919 1226 1001 Θηβαίους
1263 915 1372 983 καὶ
1401 911 1772 994 Θετταλοὺς
1806 917 1890 1005 τῇ
1923 911 2111 983 πόλει
2144 910 2514 1004 γενέσθαι]
2552 913 2674 1006 τὴν
2710 918 2783 986 δὲ

505 1013 699 1105 χάριν
746 1011 870 1102 τὴν
913 1008 1124 1104 rixi&
1168 1017 1306 1084 τῶν
1353 1009 1877 1104 πεπραγμένιῑπι9
1926 1020 2259 1108 Φιλίππῳ.
2344 1015 2489 1107 (37)
2522 1013 2665 1087 Ὅτι
2716 1015 2778 1088 δ’

506 1232 616 1272 non
647 1216 737 1272 diu
771 1223 926 1290 post,
971 1216 1277 1273 Phocenses
1307 1217 1593 1272 interirent
1623 1226 1679 1271 et
1706 1216 1871 1272 urbes
1902 1233 2091 1273 eorum
2122 1225 2526 1281 everterentur,
2568 1237 2663 1276 vos
2694 1237 2785 1276 au-

509 1309 634 1356 tem·
655 1302 1002 1374 quiescentes
1043 1307 1100 1355 et
1139 1301 1264 1356 huic
1305 1309 1590 1374 parentes,
1636 1301 1799 1374 paulo
1832 1310 1958 1374 post
1988 1303 2093 1358 hoc-
2124 1302 2517 1376 supellectiiem
2546 1321 2613 1359 ex
2640 1306 2786 1378 agris

507 1385 910 1446 conveherelis,
951 1391 1004 1439 et
1046 1386 1148 1439 iste
1192 1401 1382 1441 aurum
1429 1387 1699 1458 acciperet
1728 1393 1891 1459 atque
1922 1388 2147 1460 insuper
2176 1394 2231 1442 et
2260 1387 2567 1462 respublica
2597 1396 2785 1445 nostra

507 1467 880 1524 Thebanorum
913 1476 968 1524 et
997 1467 1379 1525 Thessalorum
1409 1471 1715 1525 inimicitias
1748 1472 2067 1544 susciperet,
2106 1470 2387 1546 Philippus
2418 1480 2599 1527 autem
2630 1473 2786 1528 factis

507 1551 616 1609 illis
647 1555 874 1626 gratiam
908 1554 1085 1608 iniret.
1147 1551 1256 1626 (37)
1287 1553 1423 1610 Vera
1453 1562 1632 1610 autem
1666 1569 1787 1609 esse
1818 1555 1965 1617 haec,
2000 1557 2165 1611 recita
2196 1555 2327 1610 mihi
2358 1564 2412 1610 et
2442 1555 2787 1612 Callisthenis

639 1749 692 1815 3)
729 1749 909 1802 ταῦτα
947 1740 1145 1809 εὐθύς.
1195 1743 1300 1802 οὐκ
1327 1746 1410 1810 εἰς
1432 1743 1663 1816 μακρὰν
1687 1745 1817 1811 τοὺς
1842 1751 1963 1804 Ald.
1990 1750 2109 1802 Fel.
2138 1777 2201 1786 —-
2227 1749 2411 1802 ταῦτα’
2435 1743 2645 1816 εὖθῦςς
2680 1744 2789 1804 οὖν

505 1831 590 1896 εἰς
622 1827 878 1901 μακρὰν,
916 1829 1049 1893 τούς
1083 1837 1219 1885 Mor.
1257 1861 1322 1871 ·-—
1357 1833 1569 1898 ταῦτας
1618 1826 1825 1894 εὖθύς,
1872 1825 1977 1886 οὐκ
2016 1830 2099 1893 εἰς
2133 1830 2387 1900 μακρὰν,
2435 1829 2570 1895 τούς
2604 1838 2789 1888 Mark-

507 1920 723 1983 laudus,
750 1935 908 1986 quem
934 1924 1232 1983 sequuntur
1251 1919 1527 1982 Reiskius‚
1552 1919 1707 1969 Harl.
1731 1925 1919 1970 etc.-·
1946 1919 2307 1987 ‘Interpungo
2332 1913 2476 1986 μετὰ
2496 1911 2679 1971 ταῦθ’
2698 1911 2791 1971 εὖ·

507 1997 640 2062 θύς,
678 1992 783 2052 οὖν
807 1997 890 2060 εἰς
914 1996 1168 2069 potuerim
1206 1994 1374 2059 toric)
1401 2002 1775 2053 Dobraeus.
1826 2003 2135 2069 Sequuntur
2158 2004 2621 2068 Wunderlichius,
2640 2005 2791 2055 Bek—

505 2087 672 2136 kerus
693 2091 800 2136 etc.
841 2087 854 2110 ‘
868 2086 1094 2136 Rectius
1115 2085 1254 2135 haec
1276 2086 1681 2139 continuantes,
1718 2087 1775 2136 in
1794 2087 1895 2138 illa
1917 2089 2223 2153 antiquiore
2244 2091 2686 2153 interpunctione
2704 2105 2789 2139 vs,

506 2168 575 2219 20
599 2170 782 2236 inepte
819 2171 1066 2235 sequitur
1087 2161 1292 2234 μικρὸν
1315 2157 1591 2235 ὕστερον]
1620 2170 1877 2221 Schaef
1888 2187 2053 2222 erus.
2112 2173 2231 2224 Non
2257 2174 2461 2239 inepte,
2498 2175 2547 2223 si
2574 2174 2793 2240 cogitas

509 2269 617 2303 non
655 2253 844 2304 eodem
880 2255 970 2304 die
1008 2254 1320 2304 Phocenses
1356 2253 1660 2317 interiisse,
1700 2255 2098 2320 supellectilem
2134 2256 2502 2307 Athenienses
2540 2273 2607 2306 ex
2642 2257 2792 2322 agris

509 2339 568 2387 in
613 2339 821 2388 munita
864 2337 990 2388 loca
1035 2337 1358 2389 convexisse
1409 2341 1512 2388 etc.
1564 2337 1701 2416 lieet
1734 2339 1889 2390 brevi
1926 2345 2168 2406 tempore
2207 2347 2332 2406 post
2367 2340 2629 2407 perfidam
2666 2356 2791 2406 per-

508 2423 834 2486 suasionem,
875 2427 1119 2475 attamen
1156 2423 1464 2474 interiectis
1501 2423 1700 2490 spatiis
1738 2423 1851 2475 ulia
1890 2430 2190 2475 evenerunt
2226 2429 2349 2491 post
2386 2424 2519 2475 alia.
2590 2425 2792 2475 damna

509 2508 723 2558 damnis
769 2510 1093 2558 continuata
1131 2524 1250 2558 esse
1288 2515 1475 2558 orator
1509 2508 1883 2575 significabat.
1955 2510 2093 2558 Nam
2130 2508 2221 2559 die
2256 2510 2382 2559 XVI
2418 2509 2791 2575 Scirophorio-

508 2592 596 2641 nis
649 2592 830 2641 contio
875 2592 1166 2642 Aeschinis
1212 2592 1522 2643 suasionem
1572 2594 1800 2642 audivit.
1846 2594 2004 2641 Dem.
2055 2592 2094 2641 f.
2143 2591 2253 2658 leg.
2290 2594 2339 2655 §-
2376 2592 2459 2644 58.
2529 2593 2790 2643 Eiusdem

510 2676 714 2725 mensis
751 2674 839 2725 die
863 2676 1046 2726 XXIII
1082 2692 1188 2742 pax
1217 2676 1629 2727 Atheniensium
1668 2690 1788 2724 eum
1813 2674 2067 2740 Philippo
2105 2676 2429 2726 confirmata
2466 2682 2567 2739 est,
2606 2676 2793 2725 debel-

509 2759 613 2808 lati
649 2764 776 2809 sunt
809 2760 1140 2811 Phocenses.
1211 2762 1366 2810 Dem.
1399 2759 1534 2811 ibid.
1562 2762 1611 2823 §-
1638 2756 1721 2809 59.
1792 2760 1901 2808 Die
1925 2758 2134 2809 XXVII
2160 2759 2299 2809 Scir.
2328 2762 2585 2810 contione
2611 2761 2787 2821 (Dem.

511 2844 583 2894 ib.
620 2844 668 2904 ξ.
707 2842 796 2907 60)
843 2843 1242 2909 supellectilem
1292 2860 1357 2895 ex
1404 2845 1556 2911 agris
1604 2858 1726 2893 esse
1776 2842 2104 2893 servandam
2142 2843 2423 2893 decretum
2461 2848 2563 2895 est.
2631 2845 2787 2893 Dem.

511 2928 642 2977 ibid.
680 2930 726 2989 ,8.
770 2926 882 2981 125.
933 2954 996 2963 —
1042 2922 1248 2994 μικρὸν
1292 2917 1532 2993 ὕστερον
1579 2928 1826 2994 graviter
1870 2932 1996 2993 post
2044 2928 2395 2993 participium
2443 2920 2787 2985 πεισθέντας
2820 2952 2833 2966 .

509 3012 790 3075 repetitur.
860 3011 1008 3062 Male
1044 3027 1104 3063 se
1140 3012 1371 3063 haberet
1405 3012 1787 3078 interrogatiO,
1828 3012 1878 3061 si
1912 3012 2235 3077 urgentibus
2274 3010 2548 3063 adverbiis
2588 3001 2831 3075 εὖθῦς,’ζ

509 3084 614 3143 οὔκ
668 3088 751 3151 εἰς
801 3091 1032 3159 μακράν
1077 3096 1438 3147 clauderetur.
1580 3098 1634 3161 4)
1681 3089 1791 3162 μὲν
1838 3089 1965 3160 (μὲν
2011 3112 2099 3146 om
2142 3093 2345 3159 vinds)
2392 3088 2789 3157 ταλαιπώρως

509 3178 716 3228 LaurS.
743 3176 890 3244 vulg.
917 3204 984 3214 —
1020 3195 1104 3229 om
1141 3180 1262 3229 ταλ.
1292 3179 1359 3230 Σ.
1388 3184 1557 3231 recte.
1629 3196 1755 3230 nam
1781 3179 1932 3229 nulla
1958 3180 2099 3231 ratio
2125 3178 2472 3245 intelligitur,
2502 3194 2600 3229 cur
2624 3180 2788 3229 etiam

509 3262 564 3313 h.
601 3261 667 3325 1.,
717 3262 809 3311 ubi
847 3262 1140 3313 Aeschinis
1179 3264 1412 3329 proditio
1449 3264 1695 3330 inprimis
1734 3263 2071 3330 exagitanda
2110 3269 2253 3321 erat,
2290 3264 2655 3313 Phocensium
2692 3264 2787 3313 mi·

512 3348 714 3397 seriam
752 3350 938 3397 orator
974 3347 1340 3408 describeret3
1381 3353 1613 3415 apparet
1648 3348 1789 3399 ratio
1827 3350 1866 3398 f.
1904 3346 2014 3413 leg.
2051 3348 2097 3409 §—
2132 3346 2245 3408 128,
2283 3347 2379 3398 ubi
2416 3348 2791 3399 misericordia

510 3430 780 3483 movenda
817 3436 953 3482 erat.
1027 3430 1133 3494 (Cf.
1173 3432 1430 3496 Hermog.
1469 3432 1570 3481 lth.
1609 3432 1672 3481 T.
1710 3432 1795 3483 111
1832 3448 1883 3498 p.
1922 3430 2061 3493 340.)
2134 3433 2273 3482 Item
2308 3430 2443 3481 ibid.
2480 3433 2527 3493 5.
2565 3430 2658 3493 64,
2696 3432 2788 3480 ubi

511 3510 708 3571 θέαμα
745 3508 940 3567 δεινὰν
975 3512 1074 3567 καὶ
1116 3506 1364 3567 ἐλεεινόν
1399 3516 1745 3567 describitur.
1816 3518 2063 3583 Apparet
2100 3515 2212 3566 alia
2246 3516 2391 3566 ratio
2428 3516 2673 3566 oratoria
2708 3516 2791 3565 in-

514 3599 600 3647 fra
644 3602 690 3659 §—
727 3599 821 3661 43,
871 3600 1014 3651 unde
1061 3601 1167 3651 hue
1199 3598 1527 3651 vocabulum
1566 3601 1798 3665 petitum
1836 3614 1956 3649 esse
1992 3600 2225 3651 videtur.
2298 3600 2387 3650 Ibi
2420 3600 2793 3649 Athenienses

509 3681 630 3733 scil.
669 3682 1100 3746 prudentissimi,
1141 3684 1428 3749 miserique
1461 3684 1775 3734 Phocenses
1811 3684 2051 3749 decepti,
2094 3688 2150 3735 et
2184 3684 2396 3734 nefasti
2418 3683 2678 3734 Thessali
2714 3688 2794 3733 at-

509 3778 612 3829 que
649 3766 914 3817 vecordes
951 3768 1204 3818 Thebani
1243 3768 1311 3818 ab
1351 3768 1540 3817 eodem
1577 3767 1833 3834 Philippo
1870 3768 2079 3819 servati
2114 3768 2223 3818 sibi
2260 3772 2623 3834 opponantur.
2736 3766 2791 3829 5)

507 3839 754 3915 ἄγοντας
791 3852 934 3917 vulg.
971 3879 1041 3890 --
1075 3843 1394 3918 ἀγαγόντας
1434 3851 1498 3902 Σ.
1538 3853 1744 3903 LaurS.
1810 3853 1893 3903 cf.
1920 3847 2283 3911 πεισθέντας.
2388 3850 2442 3914 6)
2480 3844 2625 3916 πρὸς
2656 3845 2795 3909 τούς

507 3938 644 3985 Bav.
691 3934 864 4001 Aug4.
903 3933 953 4000 β.
992 3952 1041 4003 y.
1081 3954 1134 4003 η.
1175 3936 1240 3987 Φ.
1285 3936 1347 3987 Τ.
1388 3936 1582 3989 vinds.
1621 3939 1667 3986 4.
1706 3938 1754 3986 5.
1794 3935 1874 3990 Ω.
1910 3954 1958 3987 u.
1997 3954 2041 3987 v.
2081 3937 2239 3991 Lind.
2277 3934 2432 3987 Pall.
2470 3936 2605 3986 Urb.
2642 3937 2792 3985 Man.

508 4021 648 4087 Aug.
685 4020 756 4083 (ο.
795 4038 844 4087 q.
883 4028 902 4071 t
915 4022 978 4085 Ρ).
1049 4022 1358 4072 Secundum
1394 4023 1681 4087 superiora
1718 4013 1860 4084 πρὸς
1895 4014 2029 4080 τοὺς
2056 4019 2366 4087 Θηβαίους.
2438 4020 2511 4069 At
2545 4019 2623 4069 ibi
2652 4020 2792 4069 alius

511 4110 596 4156 est
629 4120 902 4169 numerus»,
942 4111 997 4156 et
1031 4108 1239 4157 rectius
1275 4106 1478 4155 dicitur
1515 4102 1808 4171 Θηβαίους
1844 4102 1941 4155 καὶ
1970 4096 2289 4163 Θετταλοὺς
2322 4118 2486 4200 auam
2524 4096 2657 4161 τούς
2682 4100 2793 4169 Θη-

513 4193 718 4262 βαίους
753 4188 851 4245 καὶ
888 4184 1223 4252 Θετταλοὺς,
1259 4192 1364 4240 hoc
1401 4188 1518 4239 solo
1555 4190 1675 4238 sine
1714 4188 1964 4240 articulo,
2068 4188 2120 4253 7)
2160 4188 2509 4254 γεγενησθαι
2532 4188 2704 4253 Augl.
2740 4188 2790 4237 k.

514 4296 558 4329 s.
597 4278 790 4329 Vindl.
827 4278 976 4328 Barb
1011 4276 1167 4327 Pam.
1239 4276 1536 4339 Perperam
1577 4273 1823 4339 sequitur
1856 4274 2137 4325 Reiskius.
2242 4272 2296 4337 8)
2332 4266 2447 4323 ὑπὸ
2478 4269 2621 4340 prss.
2647 4273 2787 4352 Aug.

511 4362 566 4427 9)
607 4354 956 4430 πραγμάτων
990 4361 1162 4427 Aug-2.
