3084 4938
508 368 630 432 372
774 384 1037 455 nanns.
1068 386 1153 425 An
1186 382 1640 425 nestro-rueme
1675 382 1862 423 oum.
1895 382 1979 422 m:
2013 380 2271 423 Conona
2301 364 2356 437 S.
2390 366 2514 422 289.

516 538 633 583 tute
672 532 1056 583 decertabant.
1126 534 1331 584 Duram
1376 538 1568 605 tamen
1603 548 1722 582 esse
1757 532 2092 586 locutionem
2131 538 2188 581 et
2223 532 2534 581 sententiae
2571 532 2788 582 confor-

513 618 809 668 mationem
870 618 1063 684 negari
1118 634 1225 669 non
1278 622 1499 685 potest,
1556 632 1723 682 quare
1761 616 2164 666 Valckenarius
2201 616 2442 665 coniecit
2479 614 2604 668 etc.‘
2676 616 2790 666 Alii

515 702 627 752 alia
663 704 971 755 tentabant.
1018 703 1137 752 Iam
1162 702 1391 753 Wolfius
1416 702 1660 753 coniecit
1693 691 1872 766 ἀρετῇ
1907 696 2004 751 καὶ
2043 698 2288 764 δείματι.
2339 700 2786 751 Wunderlichins

512 776 689 853 οἷρετῇ
723 782 821 837 καὶ
856 779 1081 851 λήματι.
1156 786 1242 837 ‘Si
1280 802 1467 852 quem,
1504 786 1708 851 inquit,
1747 785 1967 835 dativus
2003 785 2206 834 tertiae
2244 784 2632 835 declinationis
2667 784 2786 835 hia·

513 878 627 921 tum
674 872 891 921 faciens
936 871 1079 921 male
1124 870 1321 934 habet,
1380 870 1546 921 adeat
1581 870 1952 919 Hei-mannum
1991 868 2061 919 ad
2098 858 2344 935 Orphica
2397 887 2447 935 p.
2485 866 2624 920 730!
2697 868 2785 921 cf.

514 955 809 1006 Simonidis
862 954 965 1005 VII
1010 970 1088 1005 vs.
1128 954 1159 1005 3
1208 956 1265 1004 in
1302 954 1519 1005 Anthol.
1558 954 1620 1003 T.
1659 955 1686 1003 1
1723 971 1773 1019 p.
1809 952 1876 1003 58
1923 954 2006 1007 ed.
2045 954 2188 1005 Iac.:
2261 952 2502 1019 Δείματι
2561 945 2786 1020 ἤριπεν.

511 1042 771 1091 Attamen
808 1046 997 1089 contra
1032 1038 1291 1089 monebat
1314 1038 1626 1099 Dissenins,
1667 1054 1774 1089 non
1811 1038 1920 1088 dici
1956 1030 2292 1103 μάρνασθαι
2329 1031 2522 1103 ἀρετῇ.
2593 1040 2786 1089 Imme-

514 1126 619 1175 rito
656 1124 889 1189 quidem.
962 1139 1087 1173 nam
1126 1138 1453 1188 quamquam
1489 1138 1598 1173 non
1635 1124 1826 1173 eadem
1866 1128 1949 1171 est
1984 1129 2260 1173 structura
2295 1118 2576 1185 σώζεσθαι
2611 1114 2790 1189 ἀρετῇ

516 1208 681 1274 (apud
718 1208 1009 1273 Xenoph.),
1046 1223 1223 1272 neque
1264 1208 1455 1258 eadem
1484 1214 1568 1257 est
1603 1197 1750 1273 οἷλκῇ
1784 1202 2180 1273 μαρναμένων,
2221 1199 2290 1259 οὗ
2325 1206 2492 1273 γενεῇ
2529 1201 2790 1273 βρεφέων

510 1291 731 1343 Anthol.
768 1292 831 1343 T.
870 1292 951 1341 111
986 1309 1040 1357 p.
1077 1292 1178 1341 205
1212 1292 1329 1345 Iac.
1398 1292 1475 1341 Hi
1522 1294 1666 1341 enim
1703 1297 1830 1341 sunt
1865 1292 2038 1342 dativi
2073 1292 2538 1355 instrtimentale3‚
2575 1297 2636 1343 ut
2670 1290 2790 1357 σφῇ

512 1370 691 1442 οἷρετῇ
728 1369 1029 1443 φαλάγγας
1068 1369 1316 1441 ὅήξαντο
1356 1376 1514 1427 Iliad.
1553 1378 1602 1426 Α
1639 1392 1718 1427 vs.
1755 1376 1838 1427 90.
1890 1376 1996 1426 Sed
2032 1368 2225 1443 α’ρετῇ,
2263 1368 2497 1441 οἷρεταῖς
2531 1378 2788 1443 usurpari

513 1468 695 1528 potest
738 1466 799 1511 nt
834 1461 1029 1525 reliqui
1067 1462 1242 1512 dativi
1279 1462 1347 1510 de
1386 1460 1588 1511 affectu
1627 1460 1820 1521 animi,
1861 1451 2028 1527 ὀργῇ,
2068 1454 2254 1526 φόβῳ,
2295 1458 2517 1526 φόβοις,
2558 1456 2786 1527 φθόνῳ,

422 1546 429 1550 ’
514 1544 701 1611 θυμῷ,
741 1536 1000 1611 αἰσχύνῃ,
1040 1534 1285 1609 οἷνδρείᾳ
1313 1545 1521 1609 (Chers.
1549 1548 1596 1607 ξ.
1621 1542 1709 1609 69)
1739 1550 1843 1595 etc.
1873 1544 1939 1594 de
1967 1546 2161 1610 quibus
2187 1546 2294 1595 vid.
2321 1546 2518 1597 Matth.
2548 1546 2790 1598 Gramm.

512 1633 562 1693 §-
598 1628 713 1681 397.
786 1630 915 1680 Sive
963 1644 1083 1679 curn
1130 1630 1569 1695 praepositione,
1617 1634 1678 1678 ut
1711 1632 1842 1691 περὶ
1879 1626 2106 1695 δείματι
2144 1624 2332 1696 φύγον
2367 1630 2589 1680 Pindar.
2629 1629 2790 1693 Pyth.

512 1716 579 1780 V,
616 1730 697 1765 vs.
732 1712 798 1763 78
844 1714 932 1778 (=
967 1714 1073 1777 54).
1144 1710 1274 1776 περὶ
1318 1707 1515 1781 τάρβει
1553 1713 1812 1777 Aeschyl.
1859 1714 2012 1763 Pers.
2047 1730 2128 1763 vs.
2166 1712 2268 1763 696
2315 1714 2412 1779 (-=2
2443 1712 2583 1777 693).
2653 1710 2790 1777 περὶ

516 1794 677 1867 φόβῳ
712 1798 969 1863 Aeschyl.
1008 1798 1249 1864 Cho‘eph.
1294 1814 1376 1849 vs.
1414 1798 1497 1849 35.
1567 1790 1721 1863 α’μφὶ
1767 1796 1938 1865 θυμῷ
1983 1798 2144 1864 Soph.
2191 1800 2415 1865 Fragm.
2463 1814 2550 1864 ap.
2589 1798 2788 1849 Athen.

513 1886 623 1935 Tit.
663 1884 689 1934 Ι
724 1900 775 1949 p.
818 1884 877 1933 17
914 1884 985 1933 D.
1056 1884 1177 1932 Non
1226 1882 1471 1948 pertinet
1520 1882 1628 1932 huc
1681 1884 1906 1935 Pindar.
1945 1884 2160 1949 Olymp.
2197 1884 2262 1945 V,
2307 1898 2391 1933 vs.
2431 1882 2494 1933 15
2553 1884 2641 1946 (ετ-
2673 1882 2789 1944 34):

512 1960 664 2033 ἄμφ’
713 1958 975 2032 α’ρεταῖσι
1020 1958 1196 2024 πόνος
1242 1962 1477 2023 δαπάνα
1522 1980 1584 2016 τε
1629 1959 1918 2031 μάρναται
1963 1961 2105 2031 πρὸς
2143 1962 2333 2032 ἔργον,
2375 1969 2411 2020 i.
2451 1984 2503 2033 q.
2543 1970 2606 2018 de
2641 1968 2792 2017 laude

399 2090 408 2098 .
514 2054 823 2117 quaerenda.
896 2050 1179 2115 Theognis
1223 2064 1303 2100 vs.
1351 2048 1453 2099 465
1496 2066 1548 2115 p.
1597 2048 1700 2099 409
1743 2050 1954 2117 Bergkz
2025 2042 2177 2117 ἄμφ’
2215 2043 2392 2117 αρετῇ
2425 2049 2650 2118 τρίβον,
2690 2048 2797 2100 καί

514 2150 603 2186 σοι
638 2127 707 2186 τὰ
745 2131 947 2184 δίκαια
986 2121 1109 2199 φίλ’
1154 2127 1306 2184 ἔστω.
1379 2132 1487 2183 Sed
1535 2150 1564 2183 e
1613 2134 1838 2199 reliquis
1883 2151 2048 2201 supra
2093 2136 2258 2187 dictis
2307 2142 2542 2201 apparet
2574 2133 2792 2201 μάρνα-

515 2218 659 2269 σθαι
696 2210 875 2284 ἅρετῇ
910 2218 1115 2271 dictum
1154 2234 1275 2269 esse
1312 2220 1351 2270 i.
1391 2234 1441 2283 q.
1474 2220 1686 2281 fortiter
1717 2234 1967 2283 petorem-e.
2013 2246 2082 2257 -
2135 2219 2391 2271 Goellero
2428 2220 2522 2283 (ad
2558 2221 2788 2283 Dionys.

512 2318 565 2369 p.
609 2302 723 2365 100)
772 2302 1037 2369 placebat
1078 2304 1233 2354 Petri
1277 2304 1511 2355 Victorii
1549 2300 1881 2370 δείγματος,
1931 2306 2070 2369 quod
2117 2306 2174 2354 in
2211 2306 2330 2355 eius
2365 2304 2566 2354 Aldina
2601 2306 2793 2355 Mona·

516 2388 673 2437 censi
708 2388 1021 2451 invenerat,
1060 2392 1323 2454 tanquam
1362 2406 1391 2439 e
1432 2388 1625 2439 codice
1665 2389 1849 2454 aliquo
1885 2389 2060 2455 petita
2097 2389 2331 2439 lectio.
2380 2404 2508 2438 nam
2547 2388 2790 2437 additum

440 2473 443 2476 ’
515 2479 601 2523 est
636 2474 851 2540 signum
887 2490 972 2538 γρ.
1046 2474 1201 2536 Quod
1240 2475 1449 2541 sig-num
1490 2475 1548 2524 in
1583 2475 1830 2540 margine
1867 2477 2126 2542 scriptum
2161 2474 2328 2540 vulg-o
2367 2473 2580 2539 quidem
2617 2474 2792 2539 signi·

512 2555 649 2607 ficat
684 2557 979 2608 lectionem
1016 2558 1313 2622 diversam,
1364 2552 1670 2626 γράφεται.
1739 2559 1862 2611 vid.
1899 2561 2052 2609 Bast.
2099 2557 2365 2624 Palaeog.
2401 2575 2454 2624 p.
2489 2556 2607 2608 802.
2681 2558 2792 2608 Sed

512 2641 866 2694 vehementer
912 2643 1103 2694 dubito
1149 2643 1203 2694 h.
1240 2644 1276 2694 1.
1326 2659 1447 2694 esse
1496 2644 1704 2694 codicis
1751 2644 1986 2694 alicuius
2022 2644 2345 2702 lectionem,
2396 2643 2524 2708 quia
2559 2657 2628 2692 ne
2665 2642 2789 2692 leve

514 2727 731 2792 quidem
796 2728 1089 2792 vestigium
1146 2730 1263 2778 eius
1322 2729 1377 2778 in
1430 2735 1590 2778 tanta
1644 2729 1804 2793 copia
1865 2729 2172 2778 invenimus
2243 2726 2788 2798 Demosthenicornrn

512 2811 801 2874 librorum,
851 2826 1027 2876 neque
1076 2813 1131 2861 in
1168 2811 1520 2878 Anthologia.
1593 2813 1776 2873 Quare
1825 2829 2024 2864 censeo
2059 2812 2366 2874 Victorium
2411 2812 2512 2862 hoc
2549 2812 2792 2862 breviter

512 2897 803 2962 scripsisse
838 2911 936 2960 pro
972 2887 1213 2960 γράψον,
1256 2895 1441 2960 qualia
1478 2897 1648 2946 etiam
1685 2897 1740 2946 in
1777 2889 1934 2947 meae
1959 2896 2192 2948 Aldinae
2220 2897 2466 2962 margine
2501 2897 2788 2946 inveniun-

512 2985 616 3033 tur.
688 2981 897 3030 Eadem
934 2981 1253 3029 coniectura
1290 2978 1595 3046 δείγματος
1633 2987 1716 3032 est
1741 2981 1955 3031 Reiskii
1994 2987 2050 3032 et
2073 2979 2410 3033 Marklandi.
2451 2980 2788 3046 Saepissime

516 3064 733 3130 quidem
772 3063 1179 3121 confunduntur
1211 3064 1351 3114 haec
1386 3065 1679 3116 vocabula.
1731 3067 1852 3119 vid.
1882 3066 2120 3117 Goeller.
2148 3065 2184 3118 1.
2211 3081 2260 3116 c.
2289 3071 2344 3115 et
2369 3067 2424 3116 in
2449 3067 2785 3132 Programm.

512 3147 705 3198 Colon.
746 3145 879 3197 1826
913 3165 967 3213 p.
994 3147 1025 3199 3
1048 3163 1131 3214 sq.
1180 3148 1464 3198 Schaefer.
1492 3149 1679 3200 Melet.
1707 3149 1840 3200 Crit.
1869 3167 1920 3216 p.
1953 3151 2066 3200 147.
2113 3151 2243 3204 Var.
2269 3153 2424 3200 Lect.
2463 3151 2530 3200 ad
2556 3151 2788 3216 Longin.

510 3249 563 3299 p.
600 3229 701 3282 590
748 3231 832 3282 ed.
872 3233 1086 3286 Weisk.
1132 3233 1497 3283 Matthaeium
1549 3235 1618 3284 ad
1665 3236 1809 3286 Plut.
1851 3235 2095 3301 Superst.
2145 3241 2202 3286 et
2251 3237 2410 3286 Dein.
2459 3235 2696 3285 Funebr.
2735 3251 2787 3301 p.

516 3314 629 3366 199.
679 3317 926 3367 Mueller.
967 3318 1037 3368 ad
1072 3319 1258 3368 Tzetz.
1298 3317 1480 3368 Schol.
1519 3320 1576 3368 in
1613 3320 1884 3384 Lycophr.
1933 3337 1985 3385 p.
2019 3319 2138 3374 443.
2198 3321 2416 3370 Iacobs.
2465 3320 2532 3370 ad
2569 3320 2788 3370 Anthol.

514 3401 695 3452 Palat.
734 3401 946 3454 '121112
984 3419 1035 3468 p.
1062 3401 1177 3454 369.
1214 3402 1472 3453 Iacobum
1512 3403 1570 3452 in
1607 3404 1840 3454 Seebod.
1879 3405 2021 3457 Bibl.
2057 3405 2194 3457 crit.
2235 3403 2364 3454 1822
2400 3405 2463 3457 T.
2489 3405 2568 3454 111
2591 3422 2644 3471 p.
2675 3403 2786 3455 107.

514 3485 777 3553 Stephan.
812 3487 968 3537 Thes,
1006 3503 1048 3537 s.
1077 3504 1129 3539 v.
1166 3489 1389 3551 Δεῖγμα
1426 3486 1510 3535 ed.
1538 3487 1724 3539 Didot.
1773 3489 1954 3538 Etiam
1995 3487 2202 3556 δεῖγμα
2237 3489 2338 3554 τῆς
2375 3481 2581 3555 ἀρετῆς
2617 3503 2786 3554 saepe

513 3587 803 3622 occurrere
850 3572 1122 3637 probabat
1168 3569 1454 3620 Goeller-us
1502 3571 1572 3620 ad
1619 3573 1843 3636 Dionys.
1917 3577 1988 3623 At
2032 3575 2151 3639 quis
2199 3575 2346 3623 ferat
2379 3574 2523 3623 hanc
2557 3573 2786 3638 figuram

514 3669 677 3719 quam
724 3656 776 3707 b.
814 3655 850 3705 l.
900 3654 1202 3705 adhibitam
1252 3669 1373 3704 esse
1412 3655 1733 3718 'voluer-unt,
1783 3647 1990 3722 ἀρετῆς
2036 3655 2134 3709 καὶ
2171 3656 2476 3724 δείγματος
2511 3659 2634 3709 loco
2671 3655 2787 3708 δεί-

513 3754 723 3805 γματος
768 3738 867 3804 τῆς
912 3729 1144 3804 ἀρετῆς,
1202 3731 1271 3788 ’ἓν
1316 3733 1415 3790 διὰ
1470 3738 1663 3802 δυοῖν,
1727 3741 1890 3806 idque
1951 3743 2070 3792 sine
2115 3743 2563 3808 praepositione?
2633 3743 2788 3792 Atta·

511 3837 637 3874 men
672 3823 883 3889 placuit
916 3823 1035 3874 viro
1070 3823 1233 3874 docto
1272 3825 1329 3874 in
1365 3825 1654 3891 Ephemer.
1692 3827 1808 3878 Ien.
1847 3825 1976 3876 1817
2013 3827 2110 3876 No.
2138 3827 2204 3876 55
2239 3843 2294 3892 p.
2319 3827 2436 3879 438.
2485 3826 2790 3892 Displicuit

511 3909 717 3958 maiore
767 3912 915 3958 certe
963 3907 1081 3958 inre
1126 3907 1449 3960 Schaefero.
1523 3910 1670 3969 ‘Bis,
1719 3911 1924 3975 inquit,
1973 3927 2078 3976 ego
2123 3911 2268 3962 hunc
2305 3913 2484 3963 locum
2521 3911 2786 3961 tractavi:

512 3995 745 4060 primum
780 3993 960 4043 obiter
996 3995 1052 4042 in
1087 3993 1243 4044 Bosii
1277 3995 1471 4060 Ellips.
1510 4011 1564 4060 p.
1599 3993 1724 4056 666,
1775 3995 1897 4059 ubi,
1945 3997 2127 4061 posita
2163 4001 2287 4061 post
2323 3987 2395 4057 δ’,
2419 3997 2784 4062 hypostigine,

512 4069 721 4146 αἱρετῆς
756 4073 855 4128 καὶ
892 4069 1140 4143 λήματος
1175 4080 1328 4128 iunxi
1368 4077 1514 4146 [cum
1541 4075 1809 4145 proxime]
1849 4081 2236 4146 sequentibus,
2273 4080 2418 4132 hanc
2453 4081 2788 4131 locutionem

513 4178 839 4230 comparans
876 4177 997 4213 cnm
1034 4163 1175 4224 illis,
1216 4163 1284 4212 ad
1322 4178 1548 4228 quarum
1587 4165 1860 4229 genitivos
1895 4164 2060 4229 vulgo
2095 4165 2420 4216 subanditur
2455 4165 2790 4231 praepositio

510 4243 661 4300 α’ντί.
734 4247 966 4311 Similis,
1018 4247 1111 4297 sed
1148 4248 1447 4298 violentior
1484 4249 1590 4298 fuit
1624 4249 1896 4313 posterior
1929 4250 2099 4312 rati0‚
2141 4265 2300 4315 quum
2339 4251 2396 4299 in
2433 4248 2610 4300 altera
2646 4249 2790 4298 Har-

508 4333 637 4383 lesii
686 4332 925 4382 editione
970 4333 1129 4382 huius
1176 4334 1441 4382 orationis
1488 4331 1631 4381 haec
1669 4338 1988 4384 annotarem
2027 4349 2078 4398 p.
2115 4335 2242 4383 474:
2311 4333 2452 4385 Vide
2487 4349 2558 4383 ne
2595 4333 2790 4383 vitium

511 4415 691 4468 lateat
726 4419 781 4466 in
818 4409 1195 4487 μαρνάμενοι.
1266 4419 1351 4467 An
1388 4413 1679 4481 legendum
1715 4409 2064 4484 ἅρνύμενοιὶ)
2110 4419 2250 4483 qnod
2287 4417 2352 4467 de
2391 4422 2596 4468 conatu
2631 4431 2791 4483 opor·
