3084 4938
672 461 681 469 ,
751 419 1195 465 neruosa-neme
1228 422 1328 464 on.
1359 420 1443 463 nn
1474 420 1675 464 mssa
1703 420 2084 465 nnana-tons.
2429 406 2551 470 417

274 579 522 665 ταῦτα,
558 570 713 645 οὐδ’
751 578 1100 656 ἐδίδασκες
1144 570 1313 667 ἡμᾶς
1327 570 1426 665 ,’“
1464 573 1810 667 θαυμάζῃ,
1849 576 1992 667 (26)
2028 572 2195 646 ἀλλὰ
2227 580 2556 667 μεμνημέ-

274 707 381 749 νοι
416 674 535 759 τάξ
582 672 970 768 ὑποσχέσεις
1016 674 1132 757 τὰς
1176 674 1435 749 τούτων
1450 672 1491 769 ,¹
1531 673 1610 759 ἃς
1655 674 1766 768 ἐφ’
1808 672 2140 751 ἑκάστωνῖ
2173 677 2558 769 ποιούμενοι

274 784 413 851 τῶν
448 782 700 871 καιρῶν
736 774 1103 863 ἐξέκλειον3
1139 778 1342 868 λόγου
1375 772 1763 871 τυγχάνειν4
1799 778 1954 867 τοὺς
1976 777 2250 871 ἄλλους,
2289 782 2400 851 καὶ
2434 778 2558 869 τὴν

282 876 715 971 ἐπαγγελίαν5
748 879 873 971 τὴν
907 880 1147 953 τούτου
1181 880 1433 972 ταύτην
1446 936 1466 971 ,
1515 876 1677 971 τὴνὃ
1713 881 1925 971 καλήν
1939 937 1959 972 ,
2000 879 2220 972 εἰδῆθ’
2259 880 2360 954 ὅτι
2393 879 2558 975 πρὸς

281 1088 553 1161 praesenti
594 1102 694 1143 nec
733 1086 970 1143 docuisti
1010 1084 1150 1142 nos'
1196 1058 1519 1149 demiretur,
1566 1083 1674 1162 (26)
1718 1087 1814 1143 sed
1853 1090 2084 1144 istorum
2115 1086 2558 1162 pollicitationes,

281 1171 481 1246 quibus
512 1170 649 1228 alios
678 1171 909 1244 singulis
940 1180 1157 1227 utentes
1191 1171 1525 1245 temporibus
1556 1172 1764 1229 dicendi
1795 1171 2052 1229 facultate
2081 1171 2466 1235 excludebant.
2503 1180 2559 1227 et

281 1256 701 1330 promissionem
731 1258 892 1313 istius
922 1256 1255 1331 praeclaram
1286 1256 1433 1312 illa'm
1464 1256 1907 1320 memineritis,et
1935 1259 2120 1314 sciatis
2141 1266 2360 1332 praeter
2380 1266 2560 1314 cetera

283 1489 441 1553 Quod
458 1490 565 1541 nisi
585 1490 829 1555 fecisset,
854 1492 1043 1541 statim
1063 1488 1433 1540 intellexisset
1450 1482 1648 1540 δεινὸν
1668 1492 1725 1541 et
1743 1479 2104 1556 ὑπερβάλλον
2121 1490 2417 1541 referenda
2438 1506 2560 1542 esse

284 1574 354 1625 ad
376 1578 465 1625 τι.’
487 1575 523 1625 S
538 1576 613 1625 ch
630 1591 705 1625 ae
720 1576 905 1625 ferus.
979 1574 1062 1639 11)
1083 1565 1251 1640 ἡμᾶς,
1276 1580 1546 1625 commate
1568 1578 1695 1625 ante
1707 1574 1844 1625 Mor.
1864 1574 2376 1639 interpungebatur,
2399 1591 2562 1641 quam

285 1659 577 1710 editionem
614 1660 1067 1726 interrogationis
1100 1661 1256 1725 signo
1293 1660 1701 1725 intel-punctam
1741 1664 1996 1709 recentes
2029 1659 2414 1723 sequebantur.
2453 1658 2562 1709 Sed

282 1744 392 1795 vid.
420 1744 487 1795 de
511 1737 637 1795 εἶτα
661 1745 938 1811 particula
964 1744 1197 1796 mirandi
1224 1749 1281 1794 et
1306 1744 1657 1795 exclamandi
1682 1743 1752 1795 ad
1778 1742 1901 1794 Cor.
1930 1744 1978 1805 §-
2001 1741 2116 1795 117.
2136 1769 2206 1777 -
2225 1770 2296 1778 -
2321 1744 2412 1793 ‘F.
2435 1735 2562 1793 εἶτα

282 1818 366 1892 τὸ,
404 1828 468 1878 τί
495 1820 603 1915 0332
638 1829 741 1881 —.'
774 1829 1240 1883 Marklandus.
1275 1857 1343 1867 —
1382 1828 1540 1892 ‘Vel,
1579 1826 1642 1879 τί
1672 1821 1797 1880 τότε
1833 1818 1938 1879 οὐκ
1975 1826 2079 1877 —.'
2117 1826 2563 1893 Taylorus.—

288 1912 649 1965 ‘Concinnius
675 1931 829 1979 sane,
868 1931 1029 1981 quam
1055 1912 1224 1981 vulg!
1258 1915 1640 1969 Dobraeus.
1675 1940 1742 1951 -—
1783 1914 1970 1964 ‘Haec
1995 1918 2082 1963 est
2115 1914 2294 1963 oratio
2333 1914 2562 1973 assimu-

284 1997 405 2049 lata
455 2000 656 2049 iudicis
706 2004 803 2051 aut
848 2001 1114 2051 auditoris
1160 1999 1227 2050 de
1266 2016 1471 2050 corona
1506 1998 1906 2050 stomachantis
1941 1997 2029 2047 bie
2063 1997 2278 2047 verbis:
2315 1988 2444 2048 εἶτα
2477 2023 2562 2048 -.

288 2083 639 2134 Constructio
686 2084 827 2134 baec
874 2090 987 2135 este
1043 2082 1143 2135 ἴνα
1186 2081 1392 2151 μηδεὶς
1436 2074 1600 2150 ὑμῶν
1632 2111 1703 2119 -
1735 2073 2010 2148 θαυμάζῃ
2043 2080 2299 2146 (subaudi
2335 2078 2565 2148 λέγων)ε

286 2161 448 2219 *εἶτα
492 2162 615 2219 τότ’
650 2160 757 2221 οὐκ
795 2162 981 2235 ἔλεγες
1015 2187 1108 2228 -ς
1155 2170 1394 2219 Verbum
1441 2162 1772 2235 θαυμάζειν
1811 2167 1866 2218 h.
1900 2166 1939 2221 l.
1989 2166 2274 2233 significat
2317 2184 2426 2218 cum
2469 2170 2563 2219 ad-

284 2254 553 2304 miratione
586 2254 1061 2305 stomachabundum
1097 2256 1423 2304 exclamare?
1494 2254 1618 2304 Rei
1632 2252 1837 2303 skius.
1896 2278 1964 2289 --
2019 2252 2174 2303 Nihil
2229 2252 2563 2317 mutandum,

284 2337 425 2387 nihil
476 2337 913 2389 subaudiendum
934 2374 948 2400 ,
1002 2338 1100 2389 sed
1152 2340 1330 2403 ipsum
1378 2338 1609 2389 verbum
1652 2328 1926 2403 θαυμάζῃ
1963 2342 2048 2387 est
2081 2339 2120 2387 i.
2157 2352 2208 2403 q.
2247 2330 2566 2404 θαυμάζων

287 2414 438 2489 λέγῃ.
510 2424 649 2474 Nam
696 2424 883 2474 mirari
929 2422 1183 2474 dicuntur
1216 2438 1325 2474 non
1360 2422 1535 2473 solum
1574 2423 1668 2488 qui
1704 2423 1962 2473 commoti
1999 2422 2180 2473 animo
2217 2420 2438 2489 aliquod
2473 2436 2564 2475 ex·

288 2513 375 2557 tra
410 2507 655 2558 ordinem
694 2523 967 2574 apparens
1003 2523 1282 2574 magnum,
1320 2506 1618 2571 excellens,
1657 2513 1882 2572 praeter
1915 2508 2385 2573 exspectationem
2421 2509 2566 2557 acci-

288 2591 449 2655 den8‚
493 2592 668 2644 adhuc
706 2594 817 2644 sibi
852 2594 1101 2658 ignotum
1139 2592 1431 2658 aspiciunt,
1470 2593 1568 2642 sed
1605 2592 1772 2642 etiam
1811 2593 1901 2657 qui
1935 2591 2122 2643 verbis
2159 2597 2216 2640 et
2248 2591 2404 2642 vultu
2439 2607 2565 2642 sen·

288 2691 409 2726 sum
444 2677 509 2726 de
548 2676 651 2728 tali
687 2693 745 2727 re
782 2677 1035 2743 produnt.
1086 2676 1171 2731 Of.
1209 2677 1352 2728 Phil.
1388 2677 1471 2726 ΠΙ
1506 2679 1556 2739 §-
1592 2675 1678 2730 63.
1715 2677 1964 2742 Xenoph.
1999 2675 2211 2742 Exped.
2245 2675 2292 2740 1,
2328 2675 2362 2726 8
2397 2677 2446 2738 §-
2473 2675 2566 2726 16:

292 2751 593 2827 ἐθαύμασε
628 2761 714 2820 τίς
750 2756 1129 2827 παραγγέλλει
1164 2759 1265 2814 καὶ
1298 2753 1468 2828 ἤρετο
1504 2750 1612 2825 ὅ,τι
1647 2757 1748 2812 καὶ
1773 2758 1864 2828 εἴη
1900 2753 1964 2810 τὸ
2000 2752 2294 2826 σύνθημα.
2365 2761 2564 2812 Exem-

287 2843 383 2912 pl‘a
418 2846 570 2898 dedit
603 2847 873 2912 Krueger.
911 2846 982 2897 ad
1026 2847 1079 2898 h.
1118 2845 1174 2910 l.,
1210 2847 1269 2896 in
1302 2847 1513 2897 Lexieo
1561 2845 1632 2896 ad
1661 2846 1843 2897 Anab.
1881 2861 1924 2896 s.
1961 2860 2018 2896 v.
2053 2849 2112 2895 et
2143 2845 2202 2894 in
2238 2844 2479 2896 Gramm.
2517 2846 2566 2907 S.

288 2931 441 2994 65,1
477 2936 590 2982 not
627 2932 678 2984 7.

312 3001 319 3010 ’
426 3017 530 3071 26.
602 3015 653 3080 1)
703 3010 945 3082 τούτων]
994 3017 1051 3065 in
1094 3013 1158 3069 Ω
1204 3021 1289 3066 est
1331 3017 1509 3082 prime.
1559 3015 1779 3081 syllaba
1816 3015 2160 3067 correctoris.
2262 3015 2316 3079 2)
2353 3005 2571 3082 ἑκάστῳ

290 3100 462 3167 Augl.
500 3102 552 3150 2.
596 3101 649 3153 le.
684 3115 727 3153 s.
767 3096 823 3153 δ.
858 3116 915 3166 η.
984 3101 1051 3150 In
1094 3099 1279 3150 Laur8
1314 3115 1349 3150 ν
1386 3104 1471 3151 est
1506 3115 1740 3151 erasum.
1811 3099 2009 3151 Placet
2051 3100 2309 3166 Tayloro.
2382 3092 2568 3150 “End-

291 3200 436 3237 στων
469 3189 737 3252 praestat.
806 3199 935 3234 nam
970 3185 1028 3234 in
1063 3185 1270 3234 talibus
1303 3183 1678 3236 locutionibus
1715 3176 1810 3236 ἐπὶ
1844 3200 2038 3251 regere
2071 3184 2213 3236 solet
2246 3187 2570 3251 genitivum.

289 3271 415 3325 vid.
451 3287 502 3336 p.
541 3268 642 3321 355
679 3274 835 3320 extr)
907 3269 1210 3319 Schaefe
1224 3284 1353 3319 rus.
1410 3253 1417 3260 ¹
1468 3267 1521 3334 3)
1564 3261 1866 3334 ἔξέκρουον
1901 3286 1970 3335 γρ
2006 3285 2163 3334 marg
2200 3271 2354 3336 antiq
2391 3269 2460 3322 Σ.
2498 3286 2566 3335 γρ

290 3371 447 3422 marg
480 3372 545 3422 pr
582 3372 632 3406 m
667 3354 877 3406 LaurS.
914 3365 983 3420 γρ
1008 3355 1067 3405 F.
1105 3370 1173 3420 γρ
1201 3353 1266 3406 Φ.
1306 3351 1356 3420 β.
1408 3353 1596 3416 ‘Quod
1629 3369 1848 3418 vereor,
1894 3371 1964 3405 ne
2003 3356 2299 3420 genuinum
2335 3355 2437 3420 sit,
2477 3371 2568 3406 ce-

291 3447 414 3492 tera
451 3445 633 3491 autem
668 3440 1163 3506 interpretantibus
1199 3438 1521 3490 debeantur.
1572 3439 1698 3492 Vid.
1735 3456 1788 3505 p.
1826 3437 1944 3502 348,
1985 3438 2086 3490 13)
2125 3439 2384 3490 Sehaef
2391 3453 2569 3490 erus.

290 3525 405 3576 Ubi
450 3529 598 3574 recte
646 3525 847 3574 dicitur
893 3516 1196 3588 ἐξέκρουόν
1244 3539 1338 3591 με,
1386 3540 1498 3575 non
1542 3524 1715 3575 facile
1762 3516 2064 3586 ἐξέκρουον
2096 3517 2404 3590 τυγχάνειν
2437 3516 2570 3582 τοὺς

294 3598 517 3666 ἄλλους.
556 3633 621 3644 -
659 3601 963 3674 ἐξέβαλλον
998 3609 1099 3660 cod
1134 3609 1176 3671 ζ.
1220 3635 1276 3644 -
1319 3601 1592 3674 ἐξέλαβον
1629 3609 1826 3674 (voluit
1863 3601 2156 3677 ἐξέβαλον)
2191 3597 2232 3676 ἦ
2266 3600 2570 3673 ἔξὲκρουον

292 3694 431 3745 Ven.
534 3691 590 3757 4)
628 3692 845 3742 ‘Malim
880 3691 1005 3744 τοῦ
1038 3687 1209 3758 λόγου
1244 3689 1581 3760 τυγχάνειν,
1616 3699 1678 3744 ut
1709 3693 1814 3745 τοῦ
1852 3709 1975 3744 cum
2009 3688 2316 3761 τυγχάνειν
2349 3695 2570 3760 copule-

294 3777 422 3829 tur.'
468 3777 835 3828 Reiskius..
868 3803 939 3815 —
996 3778 1359 3848 ‘Coniectura
1394 3795 1498 3829 nec
1534 3781 1857 3830 necessaria
1893 3778 1979 3846 (in
2013 3781 2202 3831 multis
2239 3781 2384 3832 enim
2418 3779 2570 3831 locu—

292 3862 537 3913 tionibus
572 3861 713 3911 nihil
748 3863 1008 3924 interest,
1047 3865 1195 3915 solus
1229 3869 1467 3929 ponatur
1501 3863 1804 3914 infinitivus
1841 3879 1912 3914 an
1946 3865 2167 3916 iunctus
2202 3867 2447 3931 genitivo
2485 3880 2572 3915 ar-

293 3943 481 4012 ticuli)
526 3950 584 3997 et
628 3948 765 3996 satis
802 3947 1204 4012 improbabilis.
1249 3975 1315 3986 -
1363 3952 1627 4013 quotquot
1659 3949 2086 4000 Demosthenem
2123 3951 2378 4000 audirent
2412 3963 2571 4000 oran-

293 4037 426 4095 tem,
466 4029 757 4082 articulum
795 4032 1029 4082 fuissent
1066 4035 1134 4084 ad
1171 4029 1343 4098 λόγου
1378 4032 1646 4084 relaturi)
1693 4033 1988 4084 Schaet'e
2002 4051 2128 4085 rus.
2233 4035 2285 4097 5)
2321 4024 2570 4098 ἀπαγγε-

294 4115 429 4168 λίαν
464 4114 569 4166 Fel
616 4131 738 4165 eum
780 4116 913 4182 vulg
956 4117 1013 4167 in
1049 4117 1166 4168 Ind.
1204 4119 1375 4170 Aloev.
1423 4117 1581 4168 Bodl.
1629 4133 1698 4182 γρ
1735 4119 1794 4168 in
1828 4135 1985 4184 marg
2019 4121 2155 4170 Mor.
2193 4119 2244 4168 k.
2317 4117 2573 4167 Coniecit

293 4201 673 4253 Marklandus.
746 4191 1151 4267 *Ἐπαγγελίαν
1185 4203 1291 4253 huc
1324 4216 1435 4254 non
1474 4203 1757 4264 convenit,
1794 4205 2026 4269 primum
2062 4203 2204 4269 quod
2240 4201 2306 4252 de
2342 4201 2571 4267 promis-

294 4288 541 4340 sionibus
586 4287 698 4336 iam
745 4286 1054 4352 praecessit
1100 4288 1397 4353 eademque
1442 4289 1645 4352 vitiose
1692 4293 1876 4338 orator
1912 4293 2058 4339 esset
2093 4289 2418 4349 iteraturus,
2458 4289 2572 4334 tum

230 4373 435 4448 ‘quod
470 4385 727 4423 numerus
762 4371 998 4437 pluralis
1032 4373 1419 4436 requireretur,
1455 4388 1567 4422 non
1601 4388 1714 4423 una
1749 4371 1869 4422 sola
1905 4387 1962 4422 re
1986 4373 2271 4438 promissa,
2307 4369 2404 4422 sed
2431 4383 2574 4419 com-

294 4455 577 4524 pluribus.’
636 4457 985 4510 Reiskius.
1054 4458 1127 4508 At
1168 4457 1279 4509 vid.
1326 4458 1568 4522 proxime
1607 4455 1912 4522 sequentia.
1979 4456 2284 4508 Praeclara
2317 4453 2419 4505 illa
2452 4469 2575 4520 pro-

401 4575 679 4614 mmosru.
876 4605 904 4618 ,
2075 4547 2156 4610 27
