3084 4938
697 416 1146 459 onuosrnnms
1181 418 1281 459 ou.
1314 418 1400 457 m:
1429 418 1629 460 mnss
1657 417 2045 461 wesmona-
2384 400 2501 465 481

247 566 610 660 Ἀθηναῖοι,
651 565 972 658 δέδοικα,2
1004 568 1095 660 μὴ
1130 569 1529 660 λελήθαμεν,
1568 568 1783 661 ὥςπερ
1818 578 1889 643 οἰ
1920 570 2365 661 δανειζόμενοι
2402 576 2509 644 ἐπὶ
2545 597 2643 649 372

251 677 484 767 πολλῷ,
520 667 829 761 ἄγοντες3
864 670 968 763 (τὸ
1001 670 1128 763 γὰρ
1162 669 1455 762 ἀσφαλὲς
1490 670 1695 761 αὐτῆς
1730 676 1840 744 καὶ
1874 668 1984 744 τό4
2020 676 2295 762 βέβαιον
2328 664 2511 745 οὗτοι

251 774 658 865 προῦδοσαν,
711 778 984 856 Φωκέας
1040 777 1153 845 καὶ
1198 774 1497 864 Πύλας),
1545 772 1629 845 οὐ
1673 773 1807 864 μὴν
1854 773 1965 847 διὰ
2009 771 2283 846 τοῦτόν5
2326 772 2392 865 γ’
2446 780 2510 861 ἐξ

251 873 446 967 ἀρχῆς
455 871 1008 967 6ἐσιεοιησοξμεθα,7
1034 873 1184 947 ἀλλ’
1201 871 1226 911 ⁸
1260 874 1508 948 ἄτοπον
1531 872 1693 966 μέν9
1720 873 1957 948 ἐστιν“
1918 906 1955 948 o
1976 880 2193 966 μέλλω
2219 872 2570 967 Mysiam.

253 973 489 1067 ἀληθὲς
527 979 604 1049 δὲ
636 976 834 1049 πάνυ.
894 985 956 1049 εἰ
986 977 1114 1069 γάρ
1148 1008 1246 1059 τις
1281 1007 1373 1060 ως
1406 974 1677 1067 ἀληθῶς
1711 988 1924 1070 χαίρει
1958 983 2041 1070 τῇ
2063 976 2340 1103 εἰρήνῃ·
2376 997 2513 1062 τοῖς

252 1096 630 1173 στρατηγοῖς
647 1132 666 1169 ,
716 1108 812 1150 ων
857 1083 1344 1171 κατηγοροῦσιν
1387 1075 1709 1171 ἅπαντες,
1756 1079 1950 1171 χάριν
1994 1078 2199 1170 αὐτῆς
2214 1076 2258 1117 ¹¹
2298 1084 2510 1172 ἐχέτω.

251 1300 460 1345 vereor.
491 1301 559 1340 ne
589 1294 650 1340 ut
673 1283 949 1341 debitores
967 1300 1163 1357 magno
1189 1284 1376 1341 fenore
1399 1284 1648 1341 obstricti
1664 1327 1677 1347 ,
1710 1302 1812 1343 nos
1834 1302 2057 1358 agamus
2082 1303 2189 1342 non
2216 1287 2513 1343 sentientes

255 1366 608 1444 (securitatem
640 1371 781 1425 enim
813 1372 928 1425 eius
959 1378 1016 1425 et
1047 1368 1356 1425 firmitatem
1385 1369 1476 1425 isti
1507 1370 1879 1444 prodiderunt,
1909 1370 2214 1429 Phocenses
2246 1367 2513 1446 ethlas).

251 1461 478 1510 attamen
519 1462 667 1511 certe
709 1470 819 1510 non
861 1462 1090 1528 propter
1132 1453 1296 1509 istum
1339 1469 1455 1509 eam
1495 1456 1651 1509 initio
1682 1453 1937 1517 fecimus,
1987 1457 2081 1512 sed
2110 1455 2405 1512 absurdum
2436 1457 2515 1511 vi-

253 1538 405 1595 detur
433 1539 579 1613 quod
609 1538 808 1601 dicam,
856 1555 1164 1613 quanquam
1195 1538 1346 1594 valde
1375 1548 1458 1594 est
1490 1555 1701 1595 verum:
1748 1541 1794 1595 si
1825 1541 1947 1613 quis
1976 1556 2036 1595 re
2067 1556 2189 1597 vera
2219 1557 2351 1614 pace
2382 1556 2515 1613 gau·

253 1623 363 1687 det,
395 1623 652 1687 ducibus,
685 1640 825 1698 quos
856 1639 1044 1679 omnes
1074 1622 1508 1697 reprehendunt,
1540 1626 1769 1696 gratiam
1803 1622 2011 1681 habeat.
2072 1641 2195 1681 nam
2226 1626 2273 1681 si
2303 1624 2410 1686 illi,
2453 1632 2515 1679 ut

378 1840 430 1904 2)
472 1834 727 1902 δέδοικα,
769 1834 1010 1891 δέδοικα
1044 1832 1150 1905 μὲν
1182 1827 1230 1890 αἶ
1263 1830 1320 1890 ἅ.
1356 1831 1468 1894 Ἀθ.
1507 1833 1747 1891 δέδοικα
1782 1840 1944 1889 Lind.
2049 1839 2103 1903 3)
2142 1840 2517 1905 ‘Disputatur,

251 1930 424 1975 utrum
467 1926 551 1976 ita
595 1924 860 1990 distingui
903 1930 1182 1991 oporteat:
1231 1952 1300 1961 —
1334 1918 1394 1975 οἱ
1438 1917 1831 1991 δανειζόμενοι
1880 1916 1975 1976 ἐπὶ
2010 1922 2223 1991 πολλῷ,
2259 1914 2517 1989 ἄγοντες.

253 2025 318 2059 sn
355 2010 465 2059 ita:
502 2036 570 2045 —
605 2004 665 2061 οἱ
699 2002 1110 2076 δανειζόμενοι,
1153 2000 1244 2061 ἐπὶ
1280 2009 1469 2076 πολλῷ
1503 2000 1761 2075 ἄγοντες.
1821 2010 2065 2059 Priorem
2102 2009 2516 2060 distinctionem

252 2093 597 2159 amplectitur
635 2094 702 2147 cl.
739 2094 1128 2153 Marklandns,
1176 2096 1532 2159 posteriorem
1582 2090 1895 2161 [Morelius]
1934 2093 2202 2145 Wolfius.⁹
2271 2094 2517 2159 Taylo-

251 2192 373 2228 rus.
447 2177 793 2228 ‘Marklandi
847 2179 1262 2231 distinctionem
1324 2179 1670 2230 commendat
1731 2178 1928 2229 similis
1981 2177 2136 2228 locus
2185 2196 2241 2244 p.
2294 2176 2385 2239 13,
2432 2176 2516 2229 20.

249 2263 434 2328 Neque
471 2278 574 2327 ego
612 2262 798 2313 dubito
835 2264 1253 2328 praeferendam
1290 2278 1410 2313 esse
1449 2264 1641 2327 alteri,
1682 2279 1845 2328 quam
1885 2260 2223 2330 [Moralium]
2260 2262 2517 2314 Wolfium

183 2340 198 2353 ⁸
250 2346 423 2398 secuti
461 2347 696 2397 editores
733 2347 1102 2399 adsciverunt.
1163 2348 1392 2398 Scilicet
1427 2353 1612 2399 orator
1646 2348 2075 2399 Atheniensibus
2114 2348 2519 2399 conditionibus

247 2437 360 2482 tam
395 2432 599 2498 iniquis
634 2447 830 2498 pacem
866 2437 1090 2499 pactos,
1137 2438 1200 2482 ut
1235 2448 1376 2498 quae
1413 2438 1607 2483 careat
1640 2431 1717 2497 τῷ
1751 2422 2010 2498 ἀσφαλεῖ
2036 2429 2135 2483 καὶ
2170 2430 2245 2499 τῷ
2282 2428 2514 2500 βεβαίῳ,

249 2525 532 2584 comparat
575 2533 697 2568 eum
741 2518 1052 2568 hominibus
1097 2533 1204 2568 non
1251 2517 1343 2583 qui
1379 2519 1597 2567 omnino
1631 2519 1925 2583 pecuniam
1960 2518 2153 2567 fenore
2189 2522 2407 2567 sumant
2442 2517 2520 2581 (id

191 2648 201 2657 .
249 2603 390 2668 quod
424 2601 560 2652 licet
596 2603 778 2652 facias
817 2602 1293 2666 fructuosissime),
1331 2602 1427 2653 sed
1465 2603 1557 2668 qui
1594 2603 1791 2668 grandi
1826 2607 2059 2664 sumant,
2102 2617 2236 2666 quos
2270 2607 2519 2652 metuen-

250 2688 372 2738 dum
425 2688 500 2737 sit
563 2701 634 2736 ne
697 2688 902 2738 fenoris
956 2689 1205 2752 gravitas
1262 2702 1382 2739 mox
1437 2702 1730 2753 oppressos
1782 2687 1939 2736 bonis
2004 2687 2252 2736 omnibus
2314 2684 2515 2735 exuat)

250 2771 685 2824 Schneferus.
721 2797 792 2807 —
825 2772 907 2821 Ad
947 2772 1105 2823 ambo
1141 2773 1443 2838 participis
1481 2763 1575 2824 ἐπὶ
1609 2770 1797 2837 πολλῷ
1831 2772 2110 2837 pertinere
2148 2775 2341 2821 censet
2376 2769 2518 2820 Shil-

173 2875 182 2882 ·
247 2856 378 2910 leto.
450 2855 681 2906 Scilicet
727 2857 810 2906 its
855 2855 916 2906 fit
962 2857 1019 2907 in
1059 2857 1563 2922 comparationibus
1609 2857 1877 2908 omnibus.
1952 2859 2020 2905 At
2054 2855 2107 2908 h.
2143 2854 2179 2905 1.
2219 2856 2517 2920 quaeritur,

247 2943 356 2992 utri
393 2941 632 2991 membro
676 2941 957 3006 primario.
1030 2940 1086 2990 id
1135 2942 1272 3006 quod
1310 2940 1644 2992 Schseferus
1680 2941 1987 3008 perspicue·
2016 2940 2219 2990 docuit.
2287 2939 2522 2990 Accedit

249 3027 392 3092 quod
427 3024 614 3076 hiatus
653 3041 824 3076 causa
859 3026 1263 3076 Demosthenes
1298 3041 1405 3076 non
1445 3027 1727 3077 coniunxit
1762 3024 1950 3090 πολλῷ
1983 3013 2245 3090 ἄγοντες,
2288 3023 2521 3076 evitavit

246 3111 514 3161 leniorem
558 3109 768 3160 hiatum
811 3110 1257 3176 pronuntiatione
1306 3103 1697 3176 δανειζόμενοι
1733 3101 1833 3162 ’πὶ
1868 3138 1935 3147 ——
1982 3099 2195 3172 ιιιῖιίιπερ
2232 3103 2293 3160 οἷ
2327 3108 2521 3161 δανει-

247 3193 476 3262 ζόμενοι
511 3195 604 3244 vix
641 3194 830 3245 dubito
868 3197 997 3260 quin
1032 3194 1370 3260 interpolata
1405 3196 1517 3246 sint
1553 3211 1619 3245 ex
1656 3195 1879 3260 Olynth.
1918 3195 1944 3244 I
1980 3211 2031 3260 p.
2074 3194 2152 3258 13,
2188 3192 2274 3245 20.
2346 3193 2403 3244 Si
2439 3211 2522 3245 re-

247 3283 548 3342 tineantur,
585 3280 1077 3346 interpungendum
1118 3295 1241 3329 cum
1275 3281 1414 3330 Mor.
1450 3307 1516 3316 —
1553 3281 1663 3330 Per
1686 3295 1745 3330 se
1770 3295 1877 3329 non
1903 3279 2044 3329 male
2070 3279 2278 3328 habent
2311 3277 2521 3330 verba)

247 3365 625 3416 Dobraous.
660 3389 728 3399 —
759 3391 830 3401 -
863 3363 1052 3429 πολλῷ
1086 3362 1243 3430 κακῷ
1277 3365 1411 3415 Ven.
1450 3363 1599 3414 Pith.
1656 3364 1779 3415 Hoc
1817 3369 1903 3414 est
1938 3362 2200 3414 scholion.
2236 3390 2303 3399 —
2336 3362 2521 3415 λείπει

245 3447 408 3515 uano?
442 3449 612 3516 Augl.
717 3449 772 3514 4)
807 3442 871 3500 τὸ
908 3464 992 3499 om
1029 3449 1202 3514 Aug2.
1306 3447 1359 3512 5)
1398 3449 1494 3498 ⁸F.
1531 3445 1785 3508 τούτους,
1823 3452 1884 3498 ut
1918 3463 1997 3500 vs.
2040 3448 2137 3500 11:
2170 3447 2519 3500 Marklan-

246 3535 388 3588 dus.
459 3535 756 3600 Aliquanto
795 3535 977 3599 aptior
1010 3533 1060 3583 h.
1099 3533 1137 3584 l.
1176 3532 1491 3598 singularis.
1547 3535 1853 3584 occurritur
1890 3533 2033 3584 enim
2068 3530 2329 3583 Aeschini
2364 3532 2521 3598 pacis

247 3621 438 3670 factae
473 3618 692 3670 laudem
727 3619 837 3670 sibi
871 3617 1261 3670 vindicatur-off
1298 3617 1563 3669 Schsef
1572 3635 1601 3669 e
1617 3634 1743 3670 rus.
1848 3617 1901 3683 6)
1940 3611 2037 3670 διὰ
2076 3609 2279 3669 τούτου
2314 3631 2377 3683 γε
2412 3611 2521 3684 γὰρ

247 3695 312 3766 ἐξ
349 3693 532 3770 ἀρχῆς
566 3705 826 3770 Hei-wag.
863 3703 1228 3769 negligenter.
1321 3702 1382 3771 7)
1421 3696 1833 3772 ἐσηγησοῖμεθα
1868 3719 2025 3769 marg
2059 3705 2195 3756 Mor.
2235 3701 2325 3753 Of.
2362 3705 2410 3764 §-
2434 3701 2521 3754 93.

243 3815 318 3823 —-
353 3792 476 3854 post
521 3780 922 3855 ἐποιησάμεθα
961 3788 1066 3838 add
1101 3781 1208 3853 τὴν
1253 3783 1492 3854 εἰρήνην
1537 3789 1745 3842 LaurS.
1794 3789 1947 3854 antiq
1983 3788 2050 3840 Σ.
2089 3803 2157 3853 γρ
2194 3804 2350 3854 msrg
2384 3789 2522 3838 Mor.

243 3889 322 3938 γρ
347 3873 407 3922 F.
446 3888 516 3937 γρ
542 3872 606 3923 Φ.
645 3873 800 3923 AldV
825 3873 1120 3937 adscripsit
1155 3878 1215 3923 ut
1250 3873 1515 3925 scholion.
1554 3901 1617 3911 —
1656 3890 1741 3924 om
1769 3873 1836 3928 Σ.
1862 3873 2011 3940 vulg.
2082 3871 2141 3932 8)
2178 3874 2525 3924 ‘Benenstus

241 3956 505 4008 distinxit
527 3959 632 4009 hoe
655 3962 842 4024 pacto:
869 3948 1028 4007 ἀλλ’·
1051 3945 1270 4009 ἄτοπον
1289 3963 1396 4008 etc.
1417 3959 1697 4024 periodum
1717 3960 1881 4010 istem
1906 3963 2030 4024 post
2053 3947 2181 4009 ἄλλ’
2207 3956 2524 4024 parenthesi

240 4042 560 4092 includens.
594 4043 750 4100 Vide,
779 4057 958 4092 annon
983 4045 1262 4108 praestet)
1298 4043 1468 4108 Tayl
1485 4059 1655 4094 orus.
1720 4043 1865 4093 ‘Non
1891 4029 2175 4109 praestare
2201 4043 2362 4094 docet
2386 4043 2527 4108 quod

240 4128 501 4192 sequitur
523 4119 667 4191 γάρ)
706 4125 1147 4177 Schaeferus.
1188 4127 1491 4193 operarum
1518 4129 1894 4195 negligentiae
1920 4129 2055 4179 illud
2090 4134 2349 4195 punctum
2383 4131 2529 4193 post-

239 4214 489 4278 positum
517 4211 707 4261 deberi
731 4227 830 4262 nos
855 4219 1124 4278 putamus.
1192 4213 1247 4276 9)
1273 4207 1380 4279 μέν
1399 4230 1485 4264 om
1501 4211 1582 4267 Ω.
1647 4211 1731 4278 10)
1758 4199 1790 4263 3
1814 4207 1955 4278 λέγω
1980 4216 2100 4265 sine
2125 4209 2307 4280 μέλλω
2330 4211 2527 4263 vind4.

243 4295 338 4362 11)
376 4287 573 4355 αὐτοῖς
609 4295 815 4348 Laan.
851 4297 1000 4364 vulg.
1055 4325 1124 4334 —-
1180 4291 1361 4364 αὐτῆς
1395 4298 1462 4350 Σ.
1501 4297 1881 4364 Aug2.A1dB.
1920 4293 2529 4353 Vind4.Mal.Laur8.

791 4399 845 4433 οι

239 4449 344 4514 (Τ.
383 4449 446 4502 Φ.
480 4449 549 4514 r).
584 4477 654 4487 —-
688 4385 879 4518 αὖτηξ
900 4453 961 4501 F.
1003 4477 1066 4485 --
1103 4467 1190 4501 om
1228 4449 1400 4517 Augl.
1435 4451 1485 4501 k.
1511 4466 1555 4501 s
1591 4450 1749 4502 Harl.
1789 4475 1851 4485 —
1884 4473 1956 4487 -
1990 4451 2267 4501 Proxime:
2308 4461 2533 4513 χαιρειν

355 4567 635 4604 mutos-ru.
2041 4541 2115 4601 31
