3084 4938
843 362 1286 407 Dnuosrunms
1317 365 1553 406 omno
1586 368 1669 407 ms
1702 366 1972 408 cenom.
2420 353 2533 416 271

253 513 458 605 (220)
535 523 619 584 Τί
665 543 826 600 ουν;
886 525 1058 589 εἴποι
1113 545 1214 599 τις
1269 545 1386 607 αν,
1447 515 1534 590 σύ
1589 522 1907 591 τοσοῦτον
1961 514 2299 610 ὑπερῆρας
2357 517 2545 610 ῥώμῃ
2576 548 2631 588 ¹2⁵

251 619 380 688 καὶ
451 610 688 706 τόλμῃ“
699 670 718 704 ,
793 645 953 698 cogn
1023 616 1238 690 πάντα
1305 637 1524 690 ποιεῖν
1594 616 1825 702 αυτός·
1808 675 1827 705 ,
1896 616 1979 691 οὐ
2046 625 2257 692 ταῦτα
2312 612 2547 709 λέγω,2

253 715 420 802 ἀλλ’
480 745 696 800 ουτως
765 721 1167 808 ἐπεπείσμην
1235 721 1444 809 μέγαν
1510 721 1683 792 εἶναι
1740 720 1858 793 τὸν
1912 720 2351 812 κατειληφότα
2408 728 2545 792 xlv-

259 813 521 890 δυνον3
554 817 677 908 τὴν
711 814 944 890 πόλιν4
980 816 1132 902 ωςτ’
1170 817 1296 892 οὐκ
1334 821 1551 893 ἐδόκει
1585 852 1695 913 μοι
1731 817 1993 914 χώρανῦ
2028 819 2193 894 οὐδὲ
2224 821 2549 915 πρόνοιαν

260 1033 326 1078 et
371 1025 420 1078 si
449 1023 576 1096 quid
607 1023 898 1084 accidisset„
923 1026 1339 1080 excusationem.
1412 1024 1557 1098 (220)
1598 1025 1735 1094 Quid
1766 1027 1959 1099 igitur,
1991 1027 2133 1084 dicat
2160 1027 2386 1102 aliquis,
2420 1035 2549 1083 tune

265 1107 480 1164 viribus
520 1117 574 1162 et
615 1108 836 1164 audacia
879 1126 1052 1186 usque
1084 1109 1214 1165 adeo
1249 1119 1524 1182 praestas,
1570 1119 1632 1166 ut
1663 1112 1778 1184 ipse
1807 1113 1985 1168 omnia
2018 1112 2218 1168 iacias?
2287 1129 2394 1168 non
2428 1111 2547 1167 dico

265 1195 398 1254 hoc,
432 1192 524 1247 sed
555 1192 688 1249 adeo
721 1209 971 1264 magnum
1003 1209 1138 1256 esse,
1172 1194 1317 1267 quod
1349 1194 1732 1267 rempublicam
1765 1205 2072 1270 occuparet,
2103 1196 2402 1270 periculum
2434 1212 2551 1251 cre-

263 1277 496 1339 debam,
539 1285 600 1332 ut
639 1278 773 1332 mihi
805 1294 912 1333 non
944 1277 1215 1333 videretur
1245 1278 1373 1334 (lare
1405 1281 1639 1352 spatium
1672 1280 1751 1335 vel
1787 1280 1949 1336 ullam
1981 1297 2167 1336 curam
2196 1281 2437 1354 privatae
2466 1295 2549 1334 se·

413 1511 554 1564 220.
629 1509 674 1570 l)
730 1501 865 1566 τοὺς
909 1498 1116 1566 ἄλλους
1161 1509 1382 1560 additur
1425 1515 1549 1575 post
1594 1503 1769 1576 τόλμῃ
1812 1526 1909 1561 sec
1946 1527 1995 1560 m
2042 1513 2247 1562 LaurS.
2291 1510 2439 1576 vulg.
2484 1537 2547 1548 --

267 1601 410 1644 ante
447 1587 606 1660 ἆοίμῃ
652 1593 862 1642 habent
895 1593 1067 1658 Augl.
1109 1591 1298 1644 vindl.
1344 1594 1499 1644 Pal-2.
1548 1595 1617 1656 (k.
1653 1593 1726 1658 s).
1768 1623 1827 1630 —
1878 1587 2133 1653 ἐκείνους
2168 1595 2423 1660 supplent
2456 1595 2549 1644 Li-

265 1679 456 1729 bellus
491 1679 576 1728 De
614 1677 1038 1728 Constructione
1075 1678 1132 1726 in
1157 1679 1460 1728 Hermann.
1495 1680 1725 1729 Emend.
1756 1681 1848 1734 Gr.
1888 1695 1938 1744 p.
1965 1679 2080 1730 372.
2120 1679 2363 1728 Lexicon
2386 1680 2551 1728 Mser.

267 1767 330 1814 in
371 1763 608 1814 Ossann.
646 1761 946 1816 Philemon.
983 1779 1034 1828 p.
1072 1761 1189 1813 254.
1247 1789 1312 1798 —-—
1371 1779 1458 1814 om
1493 1763 1565 1815 Σ.
1614 1780 1677 1828 pr
1714 1763 1919 1814 LaurS.
2091 1761 2143 1825 2)
2199 1757 2339 1826 λέγω
2374 1760 2553 1812 ταῦτα

267 1849 426 1912 vulg.
485 1873 555 1882 --
609 1844 792 1897 ταῦτα
829 1840 970 1911 λέγω
1008 1846 1075 1897 Σ.
1114 1847 1317 1897 LaurS.
1365 1846 1548 1898 ταῦτα
1585 1849 1810 1913 gravius
1845 1847 2253 1914 proponendum
2293 1851 2392 1896 est.
2497 1844 2552 1910 3)

268 1930 431 1984 κινδ.
469 1924 570 1981 τὸν
603 1946 726 1980 κατ.
764 1928 843 1984 Ω.
881 1947 928 1981 ιι.
967 1930 1159 1982 vinda.
1198 1931 1372 1994 (Man.
1410 1932 1573 1998 Ang).
1667 1931 1721 1994 4)
1756 1930 1823 1998 τῇ
1860 1927 2020 1988 πόλει
2056 1931 2228 1996 Aug4.
2266 1931 2387 1980 Bav
2413 1930 2553 1994 (ΡΥ).

269 2034 374 2067 rec
412 2025 447 2067 t.
502 2015 690 2066 Citant
713 2015 1082 2065 Anechekk.
1110 2033 1162 2080 p.
1193 2015 1305 2066 150.
1343 2043 1407 2052 —-
1443 2009 1551 2081 τὴν
1576 2011 1743 2066 πόλιν
1769 2017 1935 2067 etiam
1964 2016 2018 2067 Σ
2040 2015 2159 2064 sine
2198 2016 2553 2072 correctione,

271 2101 488 2152 nullam
523 2100 695 2150 nostri
732 2099 946 2164 quidem
985 2099 1131 2149 oculi
1168 2101 1447 2162 viderunt,
1487 2100 1693 2150 nullam
1728 2101 2000 2150 Mennieri
2039 2100 2206 2150 acieS.
2314 2099 2363 2160 5)
2400 2086 2555 2162 ὤραν

273 2184 507 2236 IndFel.
541 2183 716 2250 Augl.
753 2183 803 2233 2.
842 2184 890 2232 4.
942 2183 1123 2232 Guelf.
1168 2183 1218 2235 k.
1256 2201 1300 2234 r.
1337 2202 1380 2235 ε.
1427 2186 1583 2235 Less.
1622 2201 1689 2250 γρ
1738 2186 1795 2234 in
1844 2184 2046 2234 Aldina
2080 2183 2137 2233 in
2185 2175 2594 2234 Parisfmbh·

273 2269 559 2336 imperiali
626 2267 888 2318 librorum
947 2269 1093 2332 typis
1166 2283 1540 2334 expressorum
1624 2273 1952 2319 conservata
2012 2269 2107 2332 (X,
2154 2267 2317 2332 1679).
2400 2267 2554 2318 Pale.

271 2355 480 2405 Vindl.
515 2369 584 2418 γρ
619 2351 816 2406 vind-5.
853 2379 916 2387 —
953 2343 1098 2414 ὁρᾶν
1134 2367 1202 2417 γρ
1243 2355 1396 2418 antiq
1431 2369 1586 2418 marg
1621 2353 1688 2404 Σ.
1737 2353 1895 2404 Unde
1930 2353 2361 2403 Rauchenstein.
2398 2352 2557 2401 Diar.

274 2441 470 2505 Antiq.
505 2438 544 2491 l.
581 2454 628 2490 c.
669 2437 908 2488 coniecit
941 2435 1288 2487 scribendum
1327 2453 1447 2488 esse
1484 2426 1793 2503 οἷναφορά
1810 2453 1858 2489 ν.
1930 2436 2127 2488 A'liena
2164 2437 2305 2487 haec
2343 2442 2427 2487 est
2459 2452 2556 2487 no-

275 2527 380 2576 tio.
431 2528 488 2575 et
533 2524 598 2573 de
648 2524 892 2575 confusis
934 2513 1084 2589 ὀροῖν
1129 2526 1185 2571 et
1227 2516 1418 2589 χώραν
1464 2505 1537 2573 οἶ.
1576 2506 2063 2587 ἕ.”232.”’“Νοᾳιιε
2108 2510 2227 2587 ὅρα
2262 2536 2366 2571 nec
2404 2517 2557 2587 χώρα

277 2616 414 2676 apte
451 2608 696 2673 iungitur
729 2606 991 2673 προνοίᾳ.
1042 2621 1181 2673 quae
1221 2622 1405 2665 causa,
1445 2606 1651 2672 opinor,
1691 2607 1813 2671 fuit,
1854 2623 1950 2657 cur
1982 2608 2243 2658 Reiskius
2278 2598 2559 2671 nocivorum

279 2698 660 2759 corrumperet
703 2694 761 2742 in
807 2690 1102 2756 προνοίας.
1170 2692 1386 2741 Mutato
1431 2691 1627 2758 spiritu
1662 2691 1844 2743 scribo
1874 2682 2051 2763 ῥ’ραν,
2090 2709 2275 2741 curam.
2346 2680 2464 2753 ὥρα
2500 2694 2561 2739 ut

278 2783 362 2829 sit
394 2778 730 2829 reconditior
765 2794 869 2827 vox
905 2776 1210 2841 colorisque
1245 2778 1472 2843 poetici,
1510 2783 1695 2827 tamen
1732 2792 1838 2829 non
1876 2775 2108 2826 dedecet
2144 2781 2429 2827 oratorem.
2469 2774 2559 2839 qui

277 2880 453 2929 snpra
487 2880 539 2929 p.
577 2860 696 2925 300,
734 2860 802 2911 26
835 2862 1122 2926 usurpavit
1157 2858 1566 2926 δυςμεναίνων.
1638 2861 1871 2911 Omnino
1918 2860 2133 2925 quando
2170 2857 2561 2908 Demosthenis

280 2950 467 3000 oratio
504 2948 762 3013 assurgit,
800 2952 862 2996 ut
896 2952 1010 2997 toto
1034 2946 1139 2995 hoc
1163 2944 1306 3009 1000,
1346 2946 1476 3011 quid
1510 2947 1703 2997 mirum
1730 2945 2041 2997 consectari
2079 2960 2201 2994 eam
2239 2944 2407 2993 etiam
2432 2944 2563 3007 po‘e-

279 3038 466 3084 tarum
509 3032 874 3082 scitamenta?
923 3030 1006 3079 Of.
1045 3035 1156 3082 not.
1197 3032 1265 3080 ad
1301 3048 1351 3096 p.
1393 3028 1516 3093 128,
1554 3028 1656 3080 21)
1732 3030 2165 3080 SchaeferuS.
2238 3027 2561 3077 Praeiveral

279 3120 374 3168 vir
407 3116 600 3166 doc-tus
637 3117 692 3165 in
732 3114 1018 3180 Ephemer.
1057 3116 1174 3165 Ien.
1215 3114 1345 3165 1817
1380 3116 1480 3165 No.
1517 3114 1586 3164 55
1632 3131 1683 3180 p.
1722 3112 1837 3163 439.
1910 3112 2142 3179 Recepit
2190 3113 2563 3165 coniecturam

285 3216 412 3253 cum
447 3200 606 3251 hiatu
627 3199 935 3249 Disaenius.
1009 3198 1144 3248 Cum
1183 3200 1396 3249 Reiskii
1435 3200 1755 3250 coniectura
1791 3198 2031 3248 conferri
2069 3202 2248 3263 potest
2284 3198 2564 3247 sententia

283 3286 463 3337 Hirtii
495 3284 636 3334 Bell.
679 3283 823 3334 Gall.
859 3284 1009 3345 VIII,
1049 3282 1107 3333 3:
1159 3284 1288 3334 ‘nec
1334 3284 1429 3333 dat
1471 3284 1573 3333 ulli
1619 3282 1833 3335 civitati
1870 3284 2106 3348 spatium
2143 3282 2210 3333 de
2248 3280 2434 3331 aliena
2470 3297 2565 3346 po-

283 3372 402 3422 tius
439 3385 598 3436 quam
637 3370 703 3419 de
740 3369 1046 3418 domestica
1079 3368 1256 3418 salute
1295 3369 1615 3435 cogitandi)
1684 3368 1800 3417 Nec
1836 3366 2192 3416 dubitandum
2228 3366 2295 3415 de
2332 3364 2567 3415 formula

286 3456 512 3506 dicendi
550 3445 739 3519 χώραν
776 3445 1006 3503 διδόναι
1043 3452 1174 3503 τινί.
1249 3452 1565 3503 Athenaeus
1600 3452 1679 3502 VI
1713 3468 1766 3516 p.
1802 3448 1898 3500 261
1938 3450 2012 3499 F:
2065 3448 2135 3516 τῇ
2169 3440 2223 3499 δ’
2263 3439 2568 3513 ἀλαζονείᾳ

287 3532 436 3607 μετὰ
471 3532 580 3605 τὴν
614 3537 922 3589 κολακείαν
958 3530 1148 3603 χώραν
1184 3535 1422 3589 δίδωσιν
1453 3528 1887 3601 Ἀλεξανδρίδης
1930 3535 1965 3584 i.
2008 3550 2058 3599 q.
2088 3536 2375 3599 prox-imma
2412 3536 2568 3583 locum

290 3628 400 3676 dat.
453 3630 511 3675 et
547 3623 752 3689 passim
791 3623 858 3673 de
895 3623 1100 3674 ordine.
1151 3621 1418 3673 Similiter
1439 3618 1687 3687 παρέσχε
1725 3613 1789 3670 δὲ
1826 3609 1979 3685 αὐτῷ
2016 3610 2206 3685 χώραν
2241 3612 2566 3684 χρήσασθαι

289 3709 572 3777 μυθικοῖς
609 3744 622 3759 .
653 3744 664 3757 .
693 3743 707 3757 .
743 3698 778 3772 ἦ
829 3698 972 3769 δόξα
997 3704 1021 3759 ’.
1051 3748 1062 3759 .
1091 3744 1102 3757 .
1140 3706 1253 3757 τῶν
1295 3696 1626 3769 ἀνθρώπων
1678 3707 1906 3770 permisit
1954 3704 2262 3769 facultatem.
2334 3704 2569 3753 Ioannes

294 3794 406 3844 Sic.
445 3794 550 3843 Rh.
588 3792 653 3841 Τ.
691 3792 768 3841 VI
815 3808 866 3857 p.
904 3790 1004 3842 393
1038 3791 1124 3841 W.
1195 3792 1333 3841 Item
1381 3782 1597 3840 τόπον
1641 3781 1955 3854 ἀπολογίας
1990 3786 2189 3855 λαβεῖν
2223 3788 2344 3838 Act.
2381 3789 2567 3855 Apost.

297 3880 382 3941 25,
423 3876 505 3927 16.
559 3876 668 3927 Sed
707 3876 834 3940 quid
871 3880 957 3925 est
990 3866 1059 3925 οὖ
1097 3872 1302 3925 δίδωσι
1340 3867 1526 3939 χώραν
1552 3864 1691 3924 οὐδὲ
1726 3868 2039 3936 πρόνοιανῗ
2075 3874 2233 3923 Haec
2260 3873 2569 3923 coniunctio

303 3963 536 4015 offendit
559 3960 940 4011 Schaeferum.
1011 3963 1350 4025 Interpretes
1375 3957 1737 4024 negligebant
1760 3951 1923 4021 οὐδὲ,
1954 3960 2111 4024 quasi
2134 3958 2351 4009 Reiskii
2388 3958 2571 4008 conie-

293 4054 506 4100 cturam
544 4049 922 4110 sequerentur.
971 4046 1079 4095 Sed
1105 4045 1245 4096 beno
1283 4043 1587 4109 explicavit
1608 4043 2061 4094 VVestermannus
2094 4047 2423 4093 structuram
2458 4040 2493 4089 i.
2520 4055 2573 4103 q.

294 4123 364 4185 οὐ
398 4126 594 4199 χώραν
631 4126 746 4181 τινὶ
791 4130 910 4178 sive
957 4126 1025 4195 τῇ
1075 4124 1200 4194 ἰδίᾳ
1246 4118 1536 4194 α’σφαλείᾳ
1573 4118 1830 4191 διδόναι,
1880 4118 2017 4179 οὐδὲ
2069 4120 2350 4189 πρόνοιαν
2394 4112 2573 4181 αὐτῆς

295 4215 664 4269 tolerabam.
696 4231 743 4264 e.
783 4215 1064 4264 Periculum
1082 4214 1328 4277 publicum
1361 4215 1617 4278 privatam
1636 4214 1847 4263 salutem
1870 4229 1969 4263 non
1990 4209 2313 4285 per-mittebat
2338 4208 2477 4268 (sive
2514 4208 2575 4258 in

293 4306 452 4353 tanto
477 4299 705 4367 publico
740 4296 1055 4377 discrimine
1081 4312 1237 4349 nemo
1261 4299 1448 4350 salvus
1485 4312 1608 4349 esse
1643 4300 1881 4362 poterat,
1920 4296 2027 4345 nisi
2064 4310 2205 4357 resp.
2242 4296 2571 4341 servaretur.

294 4388 378 4443 cf.
427 4386 570 4437 Phil.
612 4385 669 4435 11
706 4382 797 4433 fin.
842 4384 977 4449 ibiq.
1025 4398 1150 4433 ann.
1200 4383 1324 4433 Cor.
1372 4384 1418 4445 ἓ.
1456 4380 1538 4431 49.
1588 4382 1625 4431 f.
1666 4382 1771 4446 leg.
1810 4382 1855 4439 §-
1898 4379 2019 4452 1472
2048 4378 2219 4427 Thuc.
2258 4376 2337 4435 11,
2376 4373 2463 4449 90,
2500 4375 2573 4440 2),
