3084 4938
782 418 1223 459 nanos-rasura
1254 372 1353 460 011⁰.
1385 422 1469 461 nn
1498 420 1698 462 musa
1727 421 2104 465 Lena-rmus.
2451 414 2570 475 501

308 564 513 658 νοιτὴ9
545 568 838 658 τριήρων
872 566 1097 642 οὖσῶν
1130 565 1472 662 ὑμετέρων
1488 567 1536 609 ¹⁰
1572 576 1712 644 ἐκεῖ
1753 578 1864 646 καὶ
1908 580 2024 665 τῆς
2059 575 2394 669 θαλάττης
2427 610 2583 671 κρα-

306 666 651 755 τουσιιῖν.11
690 676 765 741 αἵ
794 700 867 742 τε
900 669 1127 755 πόλεις
1162 676 1401 744 πολλαὶ
1436 676 1550 745 καὶ
1585 680 1862 766 χαλεπαὶ
1901 686 2133 766 λαβεῖν
2169 684 2244 749 αἱ
2273 685 2408 752 τῶν
2435 692 2582 753 Φω-

306 775 481 843 κέων
514 767 669 862 μήη
701 771 919 870 χρόνῳ
954 776 1066 845 καὶ
1102 782 1469 869 πολιορκίᾳ.
1545 784 1610 847 εἰ
1650 775 1778 870 γὰρ
1816 782 1890 849 ἐν
1923 774 2135 875 ἡμέρᾳ
2171 780 2366 855 πόλιν
2399 781 2542 876 ᾔρει
2565 804 2580 817 ·

308 993 485 1050 neque
524 977 700 1033 invehi
745 986 963 1052 poterat
1006 982 1199 1038 vestris
1231 980 1541 1037 triremibus
1571 982 1645 1038 ibi
1676 984 2052 1057 praesentibus
2082 994 2138 1041 et
2167 1002 2312 1043 mare
2342 986 2587 1043 obtinen-

313 1061 485 1123 tibus,
528 1070 585 1117 et
610 1062 971 1121 phocensium
1014 1065 1179 1121 urbes
1218 1065 1419 1121 multae
1460 1076 1618 1123 erant
1648 1076 1702 1123 et
1731 1076 2040 1142 expugnatu
2071 1070 2321 1127 difficiles
2349 1089 2500 1128 mora
2530 1081 2587 1127 et

308 1145 590 1202 obsidione
620 1164 725 1202 non
758 1166 1097 1225 praegressa.
1143 1167 1266 1205 nam
1298 1151 1343 1205 si
1368 1149 1602 1224 singulis
1633 1152 1824 1209 diebus
1847 1154 2090 1227 singulas
2119 1156 2286 1212 urbes
2317 1157 2581 1230 cepissem

440 1398 494 1461 9)
533 1395 776 1451 δύναται
814 1398 882 1450 Σ.
1022 1398 1109 1463 10)
1162 1390 1451 1465 ἡμετέρων
1484 1417 1532 1450 r.
1571 1398 1741 1465 Aug2.
1885 1400 1974 1467 11)
2026 1398 2388 1468 κρατούντων
2421 1396 2582 1470 ὑμῶν

310 1500 465 1549 marg·
500 1484 657 1549 antiq
692 1500 760 1548 γρ
788 1482 855 1551 Σ.
894 1500 961 1549 γρ
988 1484 1054 1535 Φ.
1152 1470 1161 1479 ’
1201 1482 1280 1547 12)
1332 1478 1408 1549 μὴ
1448 1472 1517 1534 mi
1555 1484 1762 1536 LaurS.
1801 1486 1948 1553 vulg.
2001 1516 2071 1523 —
2121 1481 2200 1554 μὴ
2249 1489 2367 1539 siue
2405 1479 2476 1540 οὖ
2513 1490 2580 1553 Σ,

306 1568 454 1617 hanc
490 1568 843 1634 negationem
882 1568 988 1617 add
1027 1570 1202 1633 antiq.
1261 1595 1323 1603 —
1389 1568 1574 1631 ‘Quae
1621 1568 1890 1621 formulae
1939 1563 2016 1637 μὴ
2064 1562 2132 1622 οὖ
2170 1570 2421 1637 exempla
2456 1572 2584 1623 dedi

304 1651 497 1703 Melet.
534 1652 669 1705 erit.
704 1669 757 1718 p.
790 1650 901 1715 108,
941 1667 1126 1702 eorum
1161 1653 1433 1718 plerisque
1468 1659 1714 1703 nostrum
1749 1655 1817 1704 ad
1856 1657 2110 1706 amussim
2151 1662 2497 1723 cong-rueret,
2537 1659 2586 1707 si

309 1742 491 1787 orator
541 1752 636 1802 pro
674 1733 916 1802 χαλεπαὶ
970 1734 1171 1801 λαβεῖν
1223 1736 1544 1803 scripsisset
1590 1738 1730 1803 quod
1769 1737 1914 1788 idem
1949 1740 2106 1789 valet
2139 1729 2246 1789 οὐκ
2283 1730 2578 1792 εὐάλωτοι.

308 1822 415 1871 Sed
454 1822 523 1871 ad
561 1821 819 1871 amussim
857 1822 1108 1887 congruit
1159 1820 1365 1871 ibidem
1420 1822 1594 1871 citato
1640 1821 1929 1888 Sophoclis
1964 1821 2087 1875 loco
2124 1824 2262 1875 Oed.
2299 1824 2364 1875 R.
2399 1839 2481 1876 vs.
2521 1824 2584 1875 12

306 1922 409 1971 sq.‚
446 1906 541 1955 ubi
577 1922 687 1957 non
723 1906 829 1956 fuit
866 1922 960 1956 cur
997 1905 1290 1957 Elmsleius
1326 1898 1405 1971 μὴ
1443 1895 1513 1955 οὖ
1549 1910 1913 1971 suspectaret.
1973 1904 2450 1974 [Schneidewinus
2487 1886 2580 1959 d'e·

306 1989 445 2040 levit
478 1980 594 2056 mi]
648 1983 1001 2055 δυσᾰλγητος
1051 1992 1195 2041 enim
1241 1990 1359 2039 illic
1396 1994 1483 2039 est
1516 1990 1604 2057 qui
1635 1990 1918 2053 difficulter
1937 1994 2021 2041 vd
2051 1994 2448 2055 misericordiam
2481 2011 2582 2045 mo-

306 2081 475 2137 vetur,
531 2070 593 2124 u't
642 2074 737 2125 hic
788 2068 1037 2141 χαλεπὸς
1091 2072 1315 2139 λαβεῖν,
1371 2074 1458 2139 qui
1508 2074 1786 2137 difficulter
1837 2080 2074 2141 capitur)
2146 2076 2271 2127 Sch
2289 2092 2363 2128 ae
2379 2077 2404 2127 f
2413 2091 2582 2128 erus.

306 2160 489 2209 Etiam
529 2160 728 2225 mag-is,
770 2173 929 2225 qnam
969 2157 1279 2224 Sophoclea
1313 2157 1485 2209 verba
1522 2150 1874 2225 ὃνσοέληγτος
1910 2153 2020 2225 γὰρ
2057 2146 2133 2210 ἄν
2169 2158 2314 2226 εἴην,
2353 2151 2586 2212 τοιάνδε

306 2236 383 2309 μὴ
420 2232 493 2293 οὖ
527 2240 930 2307 κατοικτείρων
976 2237 1189 2306 ἕδραν,
1246 2238 1578 2307 congrueret
1629 2240 1781 2293 locus
1825 2244 2053 2295 Diodori
2101 2245 2210 2298 Sic.
2247 2245 2302 2307 1,
2339 2244 2402 2297 81
2442 2248 2489 2308 §-
2526 2249 2586 2297 2:

307 2319 520 2385 ταύτας
558 2327 698 2391 (scil.
736 2321 839 2387 τὰς
876 2314 1328 2394 οἷμφιςβητήσεις
1364 2324 1495 2388 περὶ
1533 2324 1646 2375 τῶν
1680 2315 1851 2391 ὅρων)
1891 2321 1952 2378 δ’
1987 2319 2057 2379 οὔ
2093 2321 2301 2395 ἆᾷδιον
2336 2319 2586 2395 α’κριβαῑς

308 2402 595 2477 ἐξελέγξαι
641 2402 731 2478 μὴ
779 2401 861 2462 ον’
905 2405 1223 2478 γεωμέτρου
1258 2402 1365 2476 τὴν
1400 2400 1692 2476 ἆλήθειαν
1727 2402 1790 2461 ἐκ
1826 2410 1926 2478 τῆς
1963 2404 2262 2480 ἐμπειρίας
2296 2408 2583 2479 μεθοδεύ-

307 2511 527 2555 σαντος.
602 2497 675 2546 At
720 2499 777 2547 in
823 2498 961 2546 meis
1009 2496 1226 2561 quidem
1274 2494 1605 2545 editionibus
1649 2494 1792 2546 haec
1838 2497 2008 2548 verba
2043 2513 2151 2549 non
2189 2498 2268 2548 sic
2303 2497 2582 2564 leguntur,

307 2587 367 2631 ut
402 2581 627 2646 scripsit
659 2581 946 2631 Eduardus
972 2579 1241 2633 lVentzel.
1282 2579 1674 2642 (Additament.
1713 2578 1783 2630 ad
1807 2581 2042 2636 Dissert.
2071 2581 2154 2632 De
2180 2573 2284 2649 Μὴ
2325 2572 2394 2632 αὖ
2434 2600 2484 2648 p.
2505 2580 2582 2648 6),

308 2666 405 2716 sed
451 2658 529 2730 μὴ
575 2660 895 2730 γεωμέτρου
940 2666 1059 2715 sine
1105 2654 1191 2715 οὖ.
1262 2663 1411 2714 Nihil
1450 2667 1600 2714 esset
1635 2668 1820 2715 autem
1856 2664 2220 2729 difficultatis,
2258 2666 2305 2716 si
2341 2682 2447 2716 non
2485 2681 2584 2731 χα-

310 2748 507 2812 λεπαί,
543 2749 642 2800 sed
676 2765 805 2800 vere
840 2765 1053 2815 negans
1089 2748 1417 2799 vocabulum
1454 2747 1845 2814 praecederet,
1885 2749 2074 2815 qualia
2109 2753 2236 2800 sunt
2269 2739 2584 2816 α’δύνατον,

308 2823 611 2899 ἆμήχανον
647 2839 783 2896 cte.,
834 2839 890 2885 et
924 2833 1277 2899 participium
1314 2830 1402 2883 vel
1448 2831 1752 2883 infinitivus
1797 2837 2132 2899 sequeretur.
2205 2833 2276 2884 At
2308 2834 2362 2884 h.
2402 2834 2438 2885 l.
2474 2850 2584 2884 non

308 2919 495 2982 video,
535 2918 798 2983 quomodo
834 2910 911 2984 μὴ
948 2907 1018 2967 οὖ
1041 2909 1225 2982 χρόνῳ
1250 2917 1461 2966 ratione
1489 2916 1758 2982 explicari
1784 2923 1840 2968 et
1864 2917 2006 2983 quod
2041 2917 2338 2986 perhibent
2373 2917 2586 2985 signifi-

310 2992 439 3053 care
464 3003 641 3068 possit
664 3003 701 3052 i.
731 3017 780 3068 q.
809 3004 907 3052 nisi
922 3010 1145 3067 tempore
1163 3000 1254 3051 vel
1274 3001 1413 3068 quod
1434 3001 1529 3051 alii
1549 3001 1742 3052 volunt
1763 3005 1813 3052 si
1833 3019 1932 3054 non
1958 3011 2184 3069 tempore
2207 3011 2390 3068 captae
2416 3011 2584 3054 erant.

306 3089 448 3138 Nam
474 3089 643 3138 etiam
668 3087 736 3138 de
758 3087 866 3137 hac
893 3103 951 3137 re
978 3083 1262 3152 disputant
1284 3087 1391 3136 viri
1416 3085 1591 3148 docti,
1631 3085 1922 3138 differatne
1958 3087 2192 3140 formula
2225 3079 2303 3155 μὴ
2331 3077 2400 3139 οὖ
2428 3092 2484 3138 et
2507 3080 2586 3154 μή

309 3171 541 3238 simplex
578 3187 700 3222 cum
734 3171 887 3224 infin.
936 3175 992 3221 et
1036 3168 1336 3237 participio
1384 3175 1702 3221 constructa
1735 3171 1846 3230 ita,
1891 3175 1954 3222 ut
1987 3171 2123 3222 illud
2159 3173 2234 3222 sit
2269 3172 2587 3223 dubitanter

306 3257 583 3323 negantis,
622 3256 725 3308 hoc
761 3255 1087 3322 simpliciter
1120 3255 1493 3321 supponentis.
1565 3254 1688 3305 vid.
1725 3254 2026 3306 Hermann.
2064 3255 2136 3305 ad
2169 3255 2358 3322 vig-er.
2397 3274 2449 3323 p.
2486 3255 2588 3306 800

308 3358 399 3407 pp.
435 3339 536 3392 802
570 3357 651 3406 sq.
710 3345 766 3391 et
816 3341 873 3390 in
924 3338 1093 3390 Wolf.
1150 3355 1217 3389 ac
1268 3339 1472 3388 Buttm.
1527 3339 1668 3391 Mus.
1720 3338 1904 3402 Antiq.
1955 3340 2118 3392 Fasc.
2154 3341 2179 3390 1
2227 3355 2279 3404 p.
2327 3341 2428 3391 223
2465 3357 2583 3406 sqq.

309 3425 517 3475 Contra
550 3425 833 3491 Reisigius
870 3423 1170 3474 Comment.
1208 3421 1343 3473 crit.
1380 3423 1465 3472 De
1502 3421 1669 3488 Soph.
1706 3421 1844 3473 Oed.
1883 3423 1998 3474 001.
2038 3440 2092 3489 p.
2117 3421 2216 3474 237
2241 3439 2323 3489 sq.
2357 3425 2586 3476 Waxius

307 3511 365 3560 in
400 3511 579 3575 Epist.
616 3509 685 3560 ad
731 3509 931 3560 Gesen.
970 3525 1060 3574 pp.
1101 3505 1163 3556 14
1200 3511 1255 3557 et
1292 3505 1374 3558 16.
1426 3507 1744 3558 Buttmann.
1781 3507 2010 3558 Excurs.
2049 3507 2132 3558 xl
2173 3511 2310 3557 extr.
2351 3507 2420 3558 ad
2455 3507 2586 3558 Mid.

306 3593 547 3644 Ellendt.
584 3593 719 3646 Lex.
757 3592 924 3660 Soph.
958 3593 1023 3645 Τ.
1058 3593 1114 3642 11
1150 3609 1203 3657 p.
1246 3589 1359 3642 106.
1399 3591 1522 3655 alii,
1573 3591 1930 3657 compositam
1976 3591 2264 3642 formulam
2303 3591 2586 3643 fortiorem

310 3693 431 3729 esse
480 3678 833 3730 contendunt.
904 3677 1181 3742 Augustus
1226 3674 1503 3727 Sanderus
1551 3675 1794 3740 symbol.
1833 3675 1904 3726 ad
1949 3676 2088 3727 crit.
2125 3681 2183 3726 et
2215 3676 2450 3744 Interpr.
2489 3677 2586 3728 So-

308 3761 493 3829 phoel.
518 3767 575 3812 et
608 3763 797 3827 Enrip.
834 3763 998 3812 Fase.
1024 3763 1050 3812 1
1078 3779 1129 3827 p.
1156 3762 1187 3810 7
1212 3761 1311 3820 ita,
1347 3765 1409 3810 ut
1444 3776 1542 3826 per
1575 3761 2067 3825 interrogationem
2103 3763 2380 3826 posterius
2415 3778 2582 3814 mem-

311 3847 465 3896 brum
518 3845 715 3897 efferat
766 3844 987 3913 supplet
1038 3841 1458 3912 ληφθήσονται.
1530 3843 1901 3909 Singulariter
1950 3860 2082 3898 vero
2131 3845 2296 3911 idque
2351 3847 2588 3896 omnium

312 3931 729 3982 accuratissime
768 3935 825 3982 et
862 3930 1241 3996 copiosissime
1280 3929 1397 3994 egit
1419 3928 1764 3979 Wentzelius
1787 3931 1876 3980 De
1911 3929 2202 3995 particulis
2240 3921 2319 3997 μὴ
2357 3919 2426 3981 οὗ
2463 3945 2587 3996 par·

310 4015 507 4082 ticipio
542 4014 821 4080 praefixis.
875 4014 1111 4081 Oppeln.
1153 4011 1285 4064 1832
1322 4017 1379 4063 et
1412 4013 1803 4063 Additamento
1843 4013 1912 4064 ad
1949 4012 2106 4064 illam
2146 4014 2590 4064 dissertationem

313 4097 620 4164 Glogaviae
663 4097 809 4152 1843.
880 4099 989 4161 Qui
1032 4099 1121 4150 vir
1166 4097 1515 4148 doctissimus
1563 4095 1852 4149 formulam
1902 4097 2206 4164 explicavit
2252 4098 2420 4148 etiam
2456 4096 2511 4146 h.
2548 4097 2586 4146 1.

318 4183 728 4249 significantem
780 4183 818 4236 i.
856 4200 907 4249 q.
962 4199 1065 4234 non
1100 4185 1201 4234 nisi
1248 4183 1285 4232 i.
1326 4197 1373 4236 e.
1426 4181 1577 4232 nullo
1629 4182 1740 4244 alio
1793 4181 1962 4233 modo.
1995 4182 2124 4244 nisi,
2163 4197 2276 4233 nur.
2347 4177 2592 4246 χαλεπαὶ

318 4265 521 4334 λοιβεῖα
556 4266 877 4333 intelligens
912 4269 1059 4318 idem
1095 4282 1216 4318 esse
1254 4265 1397 4331 quod
1434 4257 1769 4332 δύσληπτος,
1806 4266 1904 4317 sed
1941 4265 2291 4320 ‘adverbium
2328 4263 2432 4325 δυς
2469 4279 2591 4316 cum

316 4351 612 4403 adiectivis
646 4351 963 4404 verbalibus
1000 4353 1241 4409 iunctum
1278 4351 1521 4416 proxime
1560 4351 1632 4402 ab
1669 4349 1836 4417 alpha
1869 4351 2147 4417 privativo
2189 4349 2402 4401 abesse.
2462 4364 2588 4399 nam

312 4451 367 4489 v.
405 4453 453 4489 c.
494 4435 649 4487 locus
670 4473 685 4500 ,
741 4437 833 4503 qui
872 4427 1184 4501 δύςληπτος
1220 4449 1341 4486 esse
1378 4434 1616 4498 dicitur,
1669 4439 1867 4485 natura
1914 4439 2010 4485 aut
2055 4438 2173 4485 arte
2218 4433 2302 4484 ita
2351 4435 2593 4486 munitus
