3084 4938
561 353 683 414 662
1035 368 1472 409 osmos‘rnums
1505 369 1608 409 on.
1641 368 1723 408 nn
1756 368 1952 409 rALsA
1982 368 2366 409 memmius.

563 533 712 611 ἴσης
745 516 948 613 ὖμτν2
982 516 1338 610 γενέσθαι3
1369 516 1494 610 τὴν
1531 518 1807 613 εἰρήνην
1819 575 1840 610 9
1876 511 2061 591 οὗτοι
2100 517 2210 591 δὲ*
2245 537 2385 603 wig
2416 520 2583 612 μετὰ
2616 520 2870 595 toefi't'f’

563 678 743 752 turpis
774 694 876 752 pax
907 676 1062 732 fieret
1092 674 1243 732 vobis
1276 692 1378 751 pro
1409 691 1598 751 aequa.
1632 676 1721 731 isti
1755 683 1933 732 autem
1966 678 2295 751 perpetratis
2324 686 2517 750 postea
2550 678 2869 737 sceleribus

697 842 750 907 2)
782 834 917 893 ἄντι
940 834 1354 907 καλῆς.συνέβη
1379 840 1591 892 Laui-S.
1620 841 1767 908 vulg.
1807 869 1871 877 —
1894 833 2029 891 ἀντ’
2056 839 2185 909 ἴσης
2208 836 2419 909 συνέβη
2443 842 2617 909 Augl.
2643 846 2697 896 2.
2726 846 2788 897 lc.
2819 864 2867 897 ε.

563 928 782 996 punctis
807 932 1056 978 notatum
1079 926 1250 977 AldV.
1291 924 1378 976 Cf.
1403 926 1452 988 ξ.
1477 925 1593 977 334.
1632 952 1696 961 —-
1736 939 1971 991 αντισης
2006 916 2145 992 ὑμῖν
2168 928 2250 978 sic
2277 928 2515 979 fortasse
2552 946 2619 995 pr
2644 930 2717 993 Σ,
2762 946 2867 981 cu-

563 1016 651 1065 ius
679 1028 800 1064 corr
837 1012 991 1077 antiq
1027 1012 1084 1061 in
1109 1012 1288 1077 spatio
1313 1008 1346 1060 9
1369 1010 1655 1061 literarum
1694 1009 1835 1073 (sive
1860 1012 1909 1061 si
1934 1012 2175 1077 spatium
2210 1012 2357 1063 inter
2380 1011 2486 1063 duo
2510 1014 2739 1081 singula
2766 1032 2869 1067 vo-

565 1097 769 1149 cabula
793 1112 889 1163 pro
915 1096 1128 1147 duabus
1150 1101 1441 1146 numerata
1465 1095 1733 1160 detrahis,
1758 1094 1789 1143 7
1814 1095 2123 1158 literarum)
2150 1111 2294 1147 nunc
2318 1112 2540 1162 prorsus
2566 1115 2867 1150 erasarum

564 1182 788 1249 scripsit
822 1180 1004 1247 καλῆς
1038 1176 1267 1247 συνέβη.
1342 1178 1530 1231 ‘Haec
1568 1196 1603 1231 a
1639 1185 1949 1230 correctore
1986 1182 2169 1246 posita
2206 1186 2332 1233 sunt
2364 1180 2491 1233 loeo
2526 1184 2865 1249 pauciorum

563 1268 846 1319 literarum
871 1280 1103 1331 capace.
1142 1268 1200 1315 et
1223 1280 1358 1331 opus
1383 1270 1470 1315 est
1491 1264 1663 1315 verbo
1686 1266 1963 1315 secundae
1988 1280 2275 1330 personae,
2305 1272 2435 1332 apto
2461 1283 2530 1318 ex
2554 1268 2671 1319 illis
2696 1266 2865 1321 δεδι-

565 1344 809 1415 ξάμενος
843 1346 944 1402 καὶ
981 1342 1199 1418 φήσας,
1237 1350 1400 1415 quale
1438 1342 1760 1414 exclusae)
1796 1349 2167 1401 Bekkerus.
2232 1351 2605 1403 ‘Manifestum
2642 1359 2733 1404 est
2758 1354 2865 1405 du-

564 1437 765 1503 plicem
800 1435 972 1487 huius·
998 1435 1113 1487 loci
1138 1436 1386 1485 extitisse
1410 1435 1726 1496 lectionem,
1761 1433 2002 1483 alteram
2026 1440 2289 1498 veterem,
2330 1437 2485 1487 cuius
2506 1452 2729 1488 sensum
2758 1438 2865 1488 ad·

565 1520 742 1572 dendo
779 1512 1055 1584 ἐποίησας
1089 1520 1398 1571 declaravit
1429 1518 1742 1583 Bekkerus,
1778 1511 2025 1584 αἰσχρὰν
2055 1509 2185 1571 ἄντ’
2228 1518 2354 1586 ἴσης
2390 1512 2665 1587 ἐποίησας
2697 1519 2865 1587 γενέ-

565 1606 709 1657 σθαι
745 1598 853 1669 τὴν
888 1596 1151 1670 εἰρήνην,
1191 1604 1420 1653 alteram
1461 1620 1495 1653 a
1532 1608 1841 1654 correctore
1878 1604 2205 1669 profectam,
2246 1597 2305 1667 ἐξ
2340 1592 2423 1655 οἷν
2448 1600 2697 1672 αἰσχρὰν
2720 1597 2866 1657 (ἔντ’

567 1688 694 1755 ἴσης
721 1682 931 1756 συνέβη
967 1703 1083 1753 γεν.
1119 1680 1228 1753 τὴν
1264 1683 1386 1752 εἰς»)
1423 1687 1856 1740 Dindorfius.
1932 1687 2095 1739 ‘Cum
2122 1690 2397 1754 scriptura
2420 1690 2659 1757 vulgata
2686 1683 2747 1755 ἐξ
2775 1680 2867 1743 ὧν

565 1781 673 1829 etc.
693 1773 879 1825 simile
901 1773 1324 1825 constructionis
1345 1762 1825 1824 α’νανταποδότου
1846 1773 2167 1839 exemplum,
2192 1775 2259 1825 de
2280 1789 2387 1839 quo
2398 1774 2509 1824 vid.
2536 1776 2607 1825 ad
2628 1792 2685 1841 p.
2703 1775 2865 1841 1010,

563 1859 649 1923 26,
685 1858 1028 1925 comparavit
1051 1856 1284 1908 Shilleto
1320 1861 1378 1907 et
1413 1862 1545 1908 ante
1571 1872 1695 1907 eum
1717 1858 2107 1923 Bernhardyus
2143 1860 2199 1909 in
2234 1858 2461 1925 Syntax.
2495 1877 2548 1926 p.
2584 1860 2706 1910 471.
2747 1876 2867 1927 quo

567 1958 670 2009 ego
706 1958 920 2009 quoque
957 1958 1109 1993 eram
1141 1956 1354 2003 usurus,
1391 1942 1500 1991 nisi
1536 1942 1743 1994 codicis
1770 1942 1825 1994 Σ
1846 1944 2119 2009 scriptura
2153 1944 2381 1995 fecisset
2406 1948 2467 1994 ut
2502 1960 2607 2010 ego
2642 1944 2866 2011 aliique

565 2028 632 2078 de
667 2028 905 2079 veritate
941 2026 1199 2077 lectionis
1235 2025 1500 2103 vulgatae
1537 2026 1933 2081 dubitaremus,
2005 2029 2348 2094 Quamquam
2386 2028 2504 2079 fieri
2538 2033 2754 2094 potest,
2796 2035 2869 2080 ut

565 2112 792 2163 nimium
826 2110 1177 2161 tribuerimus
1211 2112 1374 2161 unius
1409 2110 1621 2161 codicis
1656 2112 1997 2165 auctoritati.
2056 2112 2191 2163 Cum
2226 2106 2358 2163 α’ντὶ
2392 2112 2572 2179 καλῆς
2607 2107 2869 2179 αἰσχρὰν

565 2201 913 2262 comparetur
945 2212 1001 2261 p.
1025 2194 1143 2258 460,
1183 2196 1240 2245 4:
1279 2188 1494 2261 ταύτην
1519 2189 1649 2262 (τὴν
1686 2188 1891 2261 δόξαν)
1928 2189 2061 2247 ἀντὶ
2098 2195 2275 2262 καλῆς
2312 2190 2559 2263 αἰσχράν
2584 2196 2665 2263 ’τῇ
2690 2194 2867 2249 πόλει

565 2272 902 2348 περιπάτει]
957 2280 1154 2332 Idem.
1227 2280 1335 2331 Pro
1381 2269 1512 2332 ἀντὶ
1560 2279 1741 2346 καλῆς
1780 2295 1902 2332 συν.
1942 2296 2058 2346 γεν.
2105 2275 2211 2346 τὴν
2246 2284 2535 2333 Dobraeus
2580 2283 2863 2333 coniecit:

563 2356 896 2432 α’ντηλλοὶξω
929 2359 1052 2431 τὴν,
1123 2366 1457 2417 Turicenses
1485 2365 1632 2414 inter
1666 2356 1797 2415 ἀντὶ
1836 2369 1894 2416 et
1917 2360 2190 2431 γενέσθαι
2228 2369 2446 2433 signum
2480 2366 2721 2417 lacunae
2758 2384 2857 2433 po·

563 2456 808 2504 suerunt.
881 2451 1076 2514 ‘Quum
1113 2450 1441 2502 nominativi
1475 2439 1852 2516 δεδιξάμενος
1888 2456 1943 2501 et
1979 2444 2170 2518 φήσας
2204 2452 2459 2518 suspensi
2494 2456 2710 2514 essent,
2750 2446 2867 2519 quo

565 2537 902 2588 referrentur
925 2536 1311 2602 quaerebatur.
1367 2537 1448 2586 Ac
1471 2534 1733 2585 Reiskius
1758 2535 1974 2599 quidem
2002 2552 2163 2602 quum
2190 2537 2258 2586 ad
2285 2529 2602 2602 διήλλαξαι,
2633 2535 2781 2602 quod
2802 2540 2867 2590 in

566 2622 672 2673 fine
719 2622 1034 2672 sententiae
1074 2621 1294 2686 legitur,
1323 2635 1417 2671 eos
1453 2621 1704 2682 referret,
1745 2621 1863 2669 iure
1902 2637 1937 2670 a
1972 2621 2276 2672 Schaefero
2310 2625 2536 2672 notatus
2564 2629 2665 2672 est.
2730 2623 2864 2674 Una

567 2710 797 2769 tantum,
833 2706 882 2756 si
911 2705 1198 2772 vulgatam
1224 2706 1549 2770 scripturam
1577 2705 1891 2766 retinemus,
1926 2707 2070 2757 ratio
2096 2710 2253 2756 extat
2276 2705 2643 2757 nominativos
2680 2707 2863 2772 expli-

567 2791 748 2855 candi,
789 2807 951 2856 quam
986 2791 1188 2856 optime
1220 2790 1362 2840 vidit
1393 2788 1745 2840 Schaeferus.
1807 2805 1934 2839 nam
1961 2791 2259 2856 participia
2285 2789 2387 2840 illa
2414 2807 2524 2842 non
2552 2791 2864 2843 cohaerere

567 2877 876 2941 syntectice
906 2891 1026 2925 cum
1053 2867 1371 2942 διήλλαξαι,
1399 2873 1496 2924 sed
1519 2873 1589 2924 ad
1614 2889 1681 2924 ea
1705 2890 1733 2923 e
1758 2875 2116 2938 sequentibus
2138 2867 2312 2924 πάντ’
2337 2865 2705 2934 ἀπολώλεκας
2729 2877 2865 2926 sub-

569 2961 748 3014 audiri
785 2965 1036 3026 oportere
1073 2963 1274 3012 monet.
1309 2987 1379 2996 -—-
1415 2959 1522 3009 Sed
1560 2959 1627 3009 de
1663 2960 1939 3024 scriptura
1971 2959 2180 3010 codicis
2207 2957 2272 3022 Σ,
2313 2975 2475 3025 quam
2509 2961 2864 3012 verissimam

567 3048 724 3098 nobis
760 3045 936 3095 videri
961 3045 1212 3110 diximus,
1239 3035 1405 3109 paulo
1432 3045 1751 3094 accuratius
1778 3043 2131 3110 explicemus.
2178 3045 2464 3095 Habemus
2489 3045 2661 3112 igitur
2682 3045 2860 3096 haec:

558 3121 792 3196 Ἐπειδὴ
818 3120 887 3182 σύ
924 3156 987 3165 -
1025 3126 1216 3196 φήσας
1243 3156 1306 3165 -
1332 3121 1579 3195 αἰσχρὰν
1614 3119 1746 3178 α’ντ’
1788 3125 1914 3194 ἴσης
1938 3121 2149 3194 συνέβη
2184 3144 2301 3194 γεν.
2336 3121 2443 3194 τὴν
2479 3123 2583 3193 elo.
2656 3128 2747 3190 At,
2774 3130 2863 3178 in·

569 3217 744 3282 quies,
781 3215 924 3266 haec
959 3230 1068 3265 non
1105 3215 1421 3265 cohaerent.
1479 3214 1602 3264 Non
1627 3215 1939 3277 syntactice
1977 3214 2209 3278 quidem,
2248 3214 2346 3265 sed
2368 3230 2549 3265 nonne
2574 3212 2632 3264 id
2656 3215 2863 3280 ipsum,

571 3301 714 3368 quod
737 3300 1024 3351 Bekkerus
1062 3300 1420 3362 desideravit,
1458 3299 1779 3365 exprimitur
1813 3298 1998 3349 verbis
2026 3291 2172 3348 κατὰ
2209 3292 2274 3351 τὸ
2310 3293 2739 3365 σημαινόμενον
2775 3300 2861 3348 in-

569 3385 891 3452 telligendis
928 3386 1032 3437 ita:
1065 3375 1264 3451 ἒπειδὴ
1295 3379 1362 3436 σύ
1386 3410 1456 3422 --
1483 3375 1728 3450 αἰσχράν
1754 3411 1816 3420 -
1850 3377 2124 3448 γενέσθαι
2148 3377 2254 3449 τήν
2280 3376 2519 3450 εἰρήνην
2546 3375 2863 3448 ἔποίησαςῖ

571 3471 804 3522 Scilicet
839 3488 905 3521 ex
939 3474 1152 3522 mutata
1186 3469 1474 3521 verborum
1500 3468 1931 3532 constructione,
1972 3469 2129 3518 cuius
2156 3483 2327 3519 causa
2350 3471 2409 3519 in
2433 3469 2859 3534 intercapedine

569 3557 719 3607 inter
751 3557 1122 3607 nominativos
1157 3553 1284 3605 illos
1322 3558 1378 3604 et
1411 3547 1624 3619 συνέβη
1661 3554 1979 3618 quaerenda
2005 3557 2105 3616 est,
2144 3559 2205 3603 ut
2229 3552 2414 3604 multis
2452 3553 2579 3603 aliis
2614 3554 2673 3602 in
2696 3551 2861 3616 Ῑοοὶε,

573 3646 699 3693 orta
735 3646 820 3691 est
855 3640 947 3692 hic
998 3655 1210 3706 quoque
1260 3637 1635 3690 anacoluthia.
1706 3637 1977 3704 Exempla
2024 3653 2284 3704 compara
2316 3637 2487 3690 haece
2536 3637 2701 3703 Spud.
2740 3639 2789 3700 5.
2826 3640 2862 3688 5

567 3745 623 3794 p.
673 3725 834 3790 1029,
885 3724 966 3776 13.
1049 3724 1267 3791 Calipp.
1315 3724 1364 3786 ξ.
1413 3722 1446 3773 5
1489 3739 1546 3788 p.
1592 3721 1755 3786 1237,
1800 3721 1851 3772 8.
1900 3722 2033 3788 ibiq.
2082 3721 2305 3774 Schaef.
2412 3722 2653 3774 Nicostr.
2696 3723 2749 3784 ἓ.
2791 3721 2863 3772 20

565 3829 618 3878 p.
668 3808 830 3875 1253,
878 3808 926 3859 7.
975 3809 1112 3874 ibiq.
1158 3809 1382 3863 Schaef.
1462 3807 1676 3873 Polycl.
1725 3809 1775 3869 §-
1812 3807 1879 3858 52
1923 3823 1976 3872 p.
2018 3806 2177 3869 1222,
2216 3804 2301 3856 23.
2376 3806 2500 3857 Cor.
2538 3806 2691 3857 trier.
2739 3809 2789 3868 §-
2824 3807 2859 3856 4

566 3914 620 3963 p.
673 3893 832 3957 1229,
883 3893 962 3944 16.
1043 3892 1339 3945 Theocrin.
1387 3894 1434 3956 ς.
1472 3891 1540 3944 65
1587 3909 1639 3959 p.
1679 3891 1837 3954 1342,
1882 3891 1962 3941 15.
2011 3891 2143 3958 ibiq.
2193 3891 2437 3942 Schaef)
2491 3889 2863 3941 Funkhae-

565 3981 695 4035 nel.
765 3981 991 4043 Quaest.
1029 3980 1189 4031 Dem.
1227 3996 1279 4044 p.
1306 3978 1368 4029 51
1397 3995 1512 4044 sqq.
1587 3979 1659 4044 At
1692 3971 1905 4043 συνέβη
1944 3976 2250 4028 certissime
2286 3992 2351 4042 pr
2376 3975 2433 4025 Σ
2462 3975 2702 4042 ignorat.
2756 3975 2864 4025 Est

569 4066 790 4133 quidem
824 4063 879 4113 h.
915 4063 952 4116 l.
992 4061 1376 4123 anacoluthia,
1415 4063 1512 4114 sed
1549 4061 1863 4124 leuissima,
1914 4062 1962 4111 si
1998 4065 2303 4127 praeeunte
2340 4059 2645 4112 Schaefero
2682 4059 2752 4109 ad
2789 4053 2861 4110 σύ

571 4150 913 4218 cogitatione
969 4147 1192 4214 supples
1255 4139 1430 4199 πάντ’
1489 4138 1874 4206 οἱπολῶλεκας.
1962 4145 2275 4196 Infinitivus
2337 4151 2520 4196 autem
2582 4138 2860 4211 γενέσθαι

571 4235 795 4300 (omisso
833 4227 1064 4299 συνέβη)
1103 4234 1388 4300 appositus
1427 4238 1511 4283 est
1549 4232 1620 4284 ad
1656 4235 2007 4297 χειροτονεῖν
2040 4217 2083 4281 ἃ
2118 4234 2353 4282 συνεῖπε
2379 4234 2487 4280 etc.
2527 4229 2729 4280 acerbe
2766 4245 2859 4280 ex-

571 4319 910 4387 plicandum.
1025 4317 1080 4384 3)
1116 4317 1470 4386 γεγενῆσθαι
1505 4316 1680 4383 Aug-l.
1717 4315 1767 4367 Ιε.
1803 4333 1848 4367 ε.
1888 4314 1940 4367 δ.
2060 4315 2115 4378 4)
2154 4307 2221 4366 δ’
2259 4306 2458 4380 ἐπειδὴ
2494 4314 2645 4380 vulg.
2680 4341 2749 4350 —
2784 4309 2857 4380 δὴ

570 4396 773 4468 ἐπειδὴ
813 4403 1056 4454 coniecit
1089 4403 1349 4466 Wolfius,
1390 4402 1478 4454 ‘ut
1521 4403 1599 4452 sit
1642 4401 1904 4466 repetitio
1952 4393 2017 4453 ἐν
2051 4399 2119 4467 τῇ
2162 4391 2441 4451 α’ποδόσει
2476 4404 2703 4465 propter
2736 4415 2856 4464 pro·
