3084 4938
486 316 609 377 394
956 330 1402 372 oenomai-:ms
1438 332 1539 371 ou.
1577 332 1658 371 m:
1693 332 1885 373 FALsA
1917 330 2299 373 Leo-Amnum.

476 492 747 555 δίκαιον
794 487 907 554 καὶ
939 481 1058 555 τὸν
1104 480 1308 575 ὅρκον
1338 480 1419 556 ὃν
1455 482 1882 574 εἰςελήλυθεν
1915 478 2108 574 ὑμῶν
2145 480 2472 567 ἕέἰιαοίὌς13
2507 482 2764 576 dumiso·-

366 586 377 595 ’
483 584 647 674 xoris,
705 581 1336 677 ἑνθυμουμένους,“
1382 584 1483 658 ὅτι
1539 591 1747 657 ταῦτα
1791 588 1916 676 μέν
1964 590 2142 658 ἐστιν
2187 582 2356 677 ὑπὲρ
2401 583 2594 679 ὑμῶν
2651 593 2762 660 καὶ

403 713 449 753 ιο
482 685 639 778 ὅλης
684 692 800 777 τῆς
847 685 1136 776 πόλεως,
1186 693 1263 758 αι’
1304 690 1379 758 δὲ
1431 692 1568 759 τοῖν
1611 686 2052 779 παρακλήτων
2100 680 2296 760 αὗται
2345 688 2604 778 δεήσεις
2651 694 2762 761 καὶ

483 792 775 861 σπουδαὶ
821 782 1017 860 τῶνῘ5
1063 794 1463 874 πλεονεξιῶν
1512 794 1709 861 ἕνεκα
1742 798 2121 879 γίγνονται,
2170 786 2247 873 ἃς
2294 796 2408 861 ἵνα
2454 788 2758 881 κωλύηθ’

484 895 553 962 οἷ
580 889 771 983 νόμοι
808 886 1165 981 συνῆγον16
1190 887 1397 981 ὑμᾶς,
1432 888 1556 983 οὐχ
1579 898 1694 962 ἵνα
1729 900 1965 981 κυρίας
1999 910 2137 975 τοῖς
2172 889 2478 963 ἀδικοῦσι
2515 898 2760 983 ποιῆτε.

485 1164 643 1221 quam
675 1148 999 1221 aequitatem
1031 1156 1085 1203 et
1116 1147 1515 1210 iusiurandum,
1544 1165 1670 1222 quo
1701 1156 1938 1203 vestrum
1983 1152 2357 1223 uuusquisque
2387 1150 2512 1207 clato
2543 1151 2650 1207 huc
2680 1160 2765 1206 est

485 1235 795 1305 ingressus,
826 1241 881 1287 et
914 1236 1178 1307 reputetis
1208 1233 1313 1290 hoc
1342 1252 1371 1289 e
1403 1251 1463 1289 re
1491 1242 1670 1289 vestra
1701 1250 1824 1289 esse
1863 1242 1919 1289 et
1968 1236 2138 1289 [otius
2177 1236 2436 1297 civitatis,
2480 1236 2766 1292 advocato-

484 1332 601 1372 rum
635 1324 813 1372 autem
846 1317 977 1373 istas
1004 1312 1438 1375 ‘intercessiones
1481 1328 1535 1374 et
1567 1318 1744 1375 studia
1775 1327 2000 1393 propter
2031 1318 2391 1375 emolumenta
2435 1323 2666 1395 suscipi,
2699 1322 2765 1377 ad

484 1418 621 1475 quae
653 1400 985 1475 prohibenda
1018 1402 1168 1475 leges
1192 1404 1563 1461 convocabant
1587 1421 1710 1464 vos,
1743 1420 1850 1459 non
1881 1412 1945 1459 ut
1974 1421 2032 1461 ea
2065 1406 2266 1478 iniquis
2299 1406 2606 1461 hominibus
2637 1423 2766 1461 con-

491 1738 572 1801 13)
612 1732 846 1797 ἕκαστος
889 1727 1047 1801 ὑμῶν
1092 1728 1239 1805 bulg.
1286 1765 1354 1774 —
1397 1730 1559 1803 ὑμῶν
1605 1732 1838 1797 ἕκαστος
1875 1739 1942 1789 Σ.
1981 1739 2188 1790 LaurS.
2231 1738 2292 1789 Τ.
2367 1740 2556 1790 Recte.
2629 1742 2764 1791 Sen-

484 1826 664 1874 tentia
720 1829 828 1874 est:
886 1840 982 1875 vos
1032 1823 1247 1887 quidem
1294 1823 1550 1873 obstricti
1596 1824 1731 1873 estis
1766 1840 1980 1884 omme,
2029 1824 2226 1889 reliqui
2264 1824 2542 1875 auditores
2579 1824 2767 1891 cupidi

486 1924 609 1959 esse
646 1912 888 1973 possunt.
927 1934 995 1943 ·—-
1028 1898 1189 1971 ὑμῶν
1225 1922 1310 1955 om
1336 1906 1468 1957 Urb.
1566 1906 1649 1969 14)
1688 1898 2120 1973 ἐνθυμούμενος
2157 1909 2276 1958 Ald.
2313 1910 2452 1961 Mor.
2489 1928 2533 1961 υ.
2571 1938 2636 1945 -
2675 1900 2762 1959 ἐν·

494 2036 901 2108 θυμουμένους
938 2041 1005 2092 Σ.
1044 2040 1252 2092 LaurS.
1290 2042 1439 2108 vulg.
1482 2070 1544 2079 -
1584 2007 2055 2127 ἕνθυμουμένιῗτῖς
2079 2044 2250 2093 AldV.
2330 2042 2412 2108 15)
2448 2042 2560 2093 τῶν
2597 2038 2768 2095 ἰδίων

485 2144 688 2195 Laui-S.
728 2142 875 2208 vulg.
928 2170 997 2178 —-
1052 2137 1222 2194 ἰδίων
1265 2160 1349 2193 om
1389 2142 1455 2193 Σ.
1502 2142 1563 2194 ‘1'-
1623 2146 2010 2195 Necessarium
2058 2162 2180 2196 esse
2235 2146 2485 2195 iudicant
2531 2144 2766 2196 Grevius

486 2227 993 2293 (commentationis
1030 2228 1097 2279 de
1135 2229 1173 2279 f.
1212 2229 1320 2293 leg.
1362 2246 1411 2295 p.
1452 2228 1539 2291 34)
1581 2234 1637 2279 et
1673 2226 1931 2289 Shilleto‚
1983 2230 2112 2295 quia
2150 2236 2458 2296 opponatur
2493 2218 2626 2295 ὅλης
2661 2230 2766 2297 τῆς

484 2306 715 2372 πόλεως.
788 2314 859 2363 At
906 2314 1013 2363 loci
1062 2314 1130 2363 ab
1181 2313 1276 2364 illo
1326 2316 1441 2365 viro
1489 2314 1651 2364 docto
1700 2314 1887 2365 collati
1925 2314 2187 2364 iudicium
2223 2315 2327 2365 hoc
2365 2330 2474 2366 non
2509 2316 2763 2382 probant.

484 2400 623 2450 Nam
662 2398 786 2449 Cor.
824 2398 873 2459 S.
910 2396 978 2447 64
1031 2392 1341 2465 γιγνόμενα
1391 2390 1483 2450 ἐπὶ
1520 2397 1592 2466 τῇ
1624 2398 1725 2465 τῆς
1762 2394 1921 2457 ἰδίας
1959 2396 2293 2461 πλεονεξίας
2329 2392 2520 2451 ἐλπίδι
2559 2400 2764 2450 dictum

486 2491 573 2535 est
606 2499 715 2534 non
753 2485 819 2534 de
859 2485 1061 2550 privati
1082 2484 1331 2536 hominis
1380 2486 1781 2552 cupidine,-‹le
1821 2501 1926 2550 qua
1960 2484 2013 2534 h.
2053 2485 2089 2534 l.
2129 2485 2340 2550 agitur,
2390 2485 2487 2536 sed
2525 2485 2592 2535 de
2630 2485 2764 2535 civi-

484 2569 680 2620 tatium
736 2569 1071 2620 Graecarum
1124 2570 1461 2636 singularum
1527 2571 1707 2620 studio
1769 2569 2166 2620 commodorum
2223 2571 2579 2636 propriorum.
2649 2571 2765 2648 Imp

485 2655 709 2720 gravius
756 2655 1064 2720 oppositum
1112 2659 1198 2705 est
1242 2653 1352 2703 τῶν
1396 2652 1741 2716 πλεονεξιῶν
1775 2654 1959 2704 verbis
1995 2643 2140 2718 ὑπὲρ
2180 2696 2192 2707 .
2222 2692 2234 2705 .
2261 2692 2274 2705 .
2313 2647 2552 2715 πόλεως,
2601 2671 2764 2720 quam

486 2740 533 2789 si
571 2740 789 2790 additur
826 2733 1009 2798 ἰδίων,
1050 2739 1179 2804 quia
1215 2741 1390 2789 omnis
1427 2737 1730 2802 πλεονεξία
1767 2738 2098 2805 simpliciter
2133 2743 2218 2789 est
2243 2740 2469 2788 inimica
2506 2738 2766 2805 reipubli-

487 2841 588 2876 cae
626 2823 874 2886 liberae,
915 2839 1083 2888 quare
1120 2823 1176 2873 id
1212 2824 1405 2873 vitium
1444 2825 1679 2874 maxime
1719 2823 2022 2874 cavendum
2060 2839 2183 2874 esse
2221 2824 2358 2874 dicit
2391 2824 2764 2875 Demothenes

486 2911 533 2970 §-
572 2907 689 2959 296.
741 2909 825 2958 Of.
866 2909 1039 2958 Thuc.
1078 2909 1179 2970 111,
1218 2908 1302 2970 82,
1341 2908 1372 2956 5
1397 2923 1479 2972 sq.
1528 2908 1679 2958 Idem
1719 2910 1783 2971 (?)
1823 2909 1895 2958 ib.
1937 2925 2056 2974 cap.
2096 2908 2177 2969 84,
2225 2908 2247 2959 1
2286 2909 2368 2960 sic
2407 2908 2762 2974 simpliciter:

486 2991 554 3044 οῖ’
580 3009 639 3045 τε
674 2987 751 3058 μὴ
792 2985 885 3045 ἐπὶ
923 2990 1259 3058 πλεονεξίᾳ,
1316 2982 1432 3042 efud
1486 2992 1616 3044 ἴσου
1665 2987 1730 3044 δὲ
1782 2987 2026 3059 μάλιστα
2080 2985 2354 3052 ἐπιόντες.
2427 2993 2766 3058 Simpliciter

489 3078 653 3128 etiam
691 3075 994 3140 πλεονεξία
1031 3083 1089 3129 et
1122 3070 1185 3128 τὸ
1225 3075 1457 3128 δίκαιον
1501 3077 1610 3128 sibi
1657 3083 2002 3144 opponuntur
2035 3079 2268 3128 Isocrat.
2305 3079 2516 3144 Paneg.
2552 3081 2599 3140 §-
2643 3077 2761 3130 183:

486 3157 627 3226 πρὸς
662 3161 825 3223 τίνας
862 3156 967 3228 χρὴ
1006 3163 1279 3229 πολεμεῖν
1312 3155 1447 3221 τούς
1481 3161 1768 3227 μηδεμιᾶς
1793 3160 2126 3225 πλεονεξίας
2155 3155 2607 3228 ἐπιθυμοῦντας,
2635 3153 2765 3212 ἀλλ’

484 3237 626 3298 αὐτὸ
662 3241 727 3298 τὸ
767 3246 999 3299 δίκαιον
1034 3245 1417 3310 σκοποῦνταςς
1458 3247 1592 3297 Cum
1629 3253 1813 3308 nostro
1848 3248 1969 3298 loco
2007 3248 2080 3297 ef.
2119 3247 2327 3312 (Dem.)
2363 3247 2542 3312 Epist.
2569 3249 2624 3298 11
2657 3249 2704 3310 §-
2733 3250 2764 3298 2

485 3349 537 3399 p.
582 3331 725 3390 1469,
772 3332 859 3385 132
898 3325 962 3385 ἐν
997 3321 1033 3400 ᾖ
1068 3333 1217 3396 (scil.
1256 3331 1531 3398 πολιτείᾳ)
1582 3337 1860 3398 παρεῖχον
1897 3324 2144 3398 ἐμαυτὸν
2179 3323 2286 3396 ἐγώ
2321 3323 2765 3397 πολιτευόμενον

486 3408 766 3486 οὐδεμιᾶς
811 3411 983 3485 ὀργῆς
1028 3409 1167 3469 οὐδὲ
1214 3415 1521 3484 δυςμενιάς
1567 3407 1705 3467 οὐδὲ
1753 3409 1964 3469 ἀδίκου
2017 3414 2352 3479 πλεονεξίας
2399 3405 2529 3468 οὔτε
2565 3415 2764 3483 κοινῆς

486 3503 547 3565 (i.
584 3521 633 3554 e.
684 3507 984 3556 communis
1032 3519 1154 3554 eum
1200 3503 1351 3574 aliis.
1378 3502 1618 3553 eiusdem
1674 3502 1936 3553 factionis
1983 3502 2422 3554 communicandi
2473 3502 2764 3564 commodi)

486 3579 617 3640 οὔτε
656 3583 815 3646 ἰδίας
852 3589 917 3654 (i.
946 3605 994 3639 e.
1034 3589 1142 3638 mei
1177 3587 1404 3652 proprii)
1442 3581 1873 3652 προϊστάμενος.
1911 3616 1981 3624 -—
2013 3587 2238 3638 Sufficit
2275 3586 2443 3652 igitur
2479 3585 2762 3650 articulus,

487 3673 573 3722 sin
612 3668 889 3723 addideris
928 3669 1119 3734 ἰδίων,
1160 3671 1427 3723 delendus
1464 3687 1588 3722 esse
1624 3671 1846 3723 videtur
1879 3672 2164 3724 articulus.
2306 3670 2392 3734 16)
2437 3663 2767 3736 συνήγαγον

484 3755 692 3806 Lam-S.
732 3755 880 3820 vulg.
926 3783 993 3792 —
1038 3755 1291 3822 συνῆγον
1326 3773 1389 3822 pr
1426 3757 1482 3808 Σ
1513 3759 1641 3820 (non
1675 3773 1868 3808 recens
1904 3755 2140 3822 manus),
2179 3759 2336 3820 antiq
2371 3756 2767 3822 superscripsit
2825 3778 2835 3785 ·

486 3856 579 3904 αγ.
650 3841 911 3891 Attamen
946 3855 1055 3891 non
1092 3839 1284 3907 liquet,
1324 3845 1608 3908 primaene
1648 3858 1840 3894 manus
1879 3843 2044 3892 fuerit
2079 3857 2152 3906 αγ
2189 3841 2426 3905 syllaba.
2497 3846 2584 3892 est
2619 3841 2764 3892 enim

490 3926 735 3976 eiusdem
770 3927 1063 3976 atramenti
1100 3929 1257 3977 cuius
1292 3920 1459 3992 ὑμᾶς.
1530 3943 1640 3978 non
1677 3933 1762 3978 est
1807 3928 2049 3977 eiusdem
2089 3927 2387 3977 atramenti
2421 3924 2638 3992 syllaba
2675 3941 2763 3975 ex-

486 4015 665 4060 trema
700 4026 797 4074 ον,
836 4010 1073 4062 fortasse
1110 4011 1215 4062 hoc
1252 4013 1574 4074 discrimen,
1615 4013 1894 4062 minimum
1931 4011 2065 4062 illud
2103 4011 2345 4076 quidem,
2398 4015 2484 4060 est
2516 4010 2642 4060 inde
2679 4025 2765 4060 or-

488 4101 621 4158 tum,
662 4095 803 4161 quod
832 4096 1041 4162 scripta
1076 4103 1163 4148 est
1198 4099 1254 4147 in
1293 4112 1451 4148 eraso
1484 4098 1686 4163 spatio.
1723 4097 1844 4148 Hoc
1883 4098 2120 4162 spatium
2151 4101 2238 4146 est
2261 4097 2401 4146 satis
2425 4095 2665 4161 longum,
2705 4099 2766 4144 ut

487 4181 701 4246 possint
754 4182 1023 4246 scriptae,
1051 4181 1221 4232 fuisse
1277 4187 1443 4232 antea
1479 4188 1594 4232 tres
1629 4181 1842 4232 literae.
1917 4182 2024 4232 Sed
2061 4182 2228 4232 etiam
2267 4185 2530 4232 accentus
2567 4185 2654 4230 est
2686 4179 2766 4244 pi-

489 4270 609 4316 ctus
661 4267 717 4316 in
771 4267 993 4318 dimidio
1030 4282 1189 4317 eraso
1226 4266 1381 4328 loco,
1428 4267 1523 4317 nbi
1563 4271 1730 4316 antea
1764 4267 1936 4317 fuerit
1961 4264 1999 4329 ‘,
2038 4255 2456 4332 perispomenon
2493 4261 2766 4332 συνῆγον.

487 4350 875 4416 Imperfectum
912 4352 1097 4418 aptius
1134 4357 1219 4402 est
1254 4351 1321 4402 de
1358 4367 1415 4402 re
1452 4349 1637 4402 solita.
