3084 4938
505 923 558 964 1⁰

587 339 712 404 334
1169 355 1613 400 nsuos'rusms
1642 356 1878 400 onmxo
1906 359 1993 400 nn
2024 356 2293 400 conclu.

1426 503 2019 616 EnerAMMA.¹¹

749 699 916 764 Οἵδε
951 691 1201 786 πάτρας
1240 697 1435 766 ἕνεκα
1469 698 1795 786 σφετέρας
1834 705 1927 778 εἰς
1965 699 2165 786 δῆριν
2200 702 2430 766 ἔθεντο

839 791 1046 886 ὅπλα,
1083 799 1196 867 καὶ
1231 793 1617 868 ἀντιπάλων
1648 795 1855 888 ὕβριν
1888 791 2425 870 ἀπεσκέδασαν.12

743 894 1184 988 Μαρνάμενοι
1223 894 1287 968 δ’
1327 895 1565 988 ἀρετῆς
1598 901 1713 970 καὶ
1752 905 2055 989 δείματος
2070 892 2119 932 ¹⁸
2152 895 2281 968 οὐκ
2317 895 2610 968 ἐσάωσαν

843 995 1090 1088 ψυχάς,
1129 995 1280 1069 ἀλλ’
1313 996 1542 1089 Ἀΐδην
1576 997 1807 1072 κοινὰν
1842 1007 2079 1072 ἔθεντο
2114 995 2409 1088 βραβῆ,“

737 1094 1020 1168 οὕνεκεν
1035 1093 1078 1132 ¹⁵
1106 1093 1464 1189 Ἑλλήνων,
1501 1096 1592 1181 ὦς
1626 1099 1749 1190 μή,
1786 1099 1985 1190 ζυγὸν
2020 1097 2253 1190 αὐχένι
2287 1111 2523 1170 θεῖσαν

845 1197 1257 1290 δουλοσύνης
1273 1253 1292 1290 ,
1329 1199 1664 1292 στυγερὰν
1696 1197 1906 1292 ἀμφὶς
1920 1197 1966 1236 ¹⁰
2002 1209 2241 1292 ἔχωσιν
2260 1195 2303 1236 ¹⁷
2338 1197 2553 1291 ὕβριν.

739 1307 912 1370 Γαῖα
949 1300 1026 1370 δὲ
1059 1303 1294 1393 πατρὶς
1331 1309 1465 1398 ἔχει
1501 1301 1769 1386 κόλποις
1802 1307 1939 1374 τοῖν
1974 1311 2251 1374 πλεῖστα
2284 1301 2621 1392 καμόντων

887 1519 959 1574 De
987 1522 1191 1593 patria.
1223 1521 1483 1595 quos‘hic
1513 1523 1757 1579 tumulus
1788 1525 1950 1596 tegit,
1981 1540 2128 1580 arma
2158 1523 2421 1585 ferentes,

995 1605 1251 1665 hostilem
1280 1605 1452 1664 valida
1481 1610 1589 1663 vim
1618 1607 1880 1681 pepulere
1910 1615 2089 1665 man‘u.

891 1687 1120 1746 Virtutis
1151 1691 1388 1746 timidive
1417 1693 1607 1754 animi,
1640 1695 1694 1747 in
1724 1695 2021 1749 certamine
2050 1694 2209 1748 vitam

993 1791 1100 1830 non
1131 1782 1438 1837 servantes.
1469 1775 1575 1832 Diti
1606 1776 1891 1834 arbitrium
1922 1793 2045 1834 esse
2074 1775 2289 1838 iubent,

893 1859 1218 1916 Graecorum
1251 1877 1440 1922 causa.
1473 1877 1542 1916 ne
1572 1863 1877 1936 iniectaque
1908 1862 2059 1918 frena
2091 1861 2325 1935 superbe

995 1953 1050 1999 et
1078 1946 1206 2018 iuga
1237 1945 1442 2002 servitii
1473 1947 1677 2002 circum
1710 1944 1942 2002 habeant
1970 1948 2171 2019 gravia.

888 2027 1040 2085 Nunc
1067 2045 1196 2086 vero
1229 2029 1401 2086 l'ortes
1433 2029 1593 2086 habet
1624 2030 1749 2086 illos
1778 2031 1951 2105 patria
1984 2039 2129 2087 terra

725 2276 806 2341 ll)
863 2269 1228 2344 Ἐπίγραμμα
1263 2273 1398 2344 [epm
1435 2269 1697 2344 ἐλεγείων
1732 2279 1927 2332 Vind5.
1990 2305 2047 2316 —-
2108 2278 2467 2344 Epigramma
2502 2295 2587 2330 om
2622 2278 2687 2332 Σ.
2719 2278 2775 2332 k.
2812 2295 2856 2328 s.

585 2361 758 2428 Angl.
797 2361 994 2412 Vindl.
1029 2387 1100 2399 ——
1133 2379 1220 2414 om
1253 2379 1318 2430 pr
1353 2363 1569 2422 Lam-S,
1615 2363 1787 2414 habet
1829 2379 2021 2428 marg-o
2071 2363 2185 2414 alia
2230 2377 2415 2414 manu.
2468 2390 2537 2402 —
2585 2364 2703 2414 Hoc
2740 2379 2855 2413 car-

585 2461 726 2505 men,
765 2447 907 2513 quod
943 2446 1043 2498 alii
1077 2448 1252 2515 ipsius
1289 2445 1675 2499 Demosthenis
1710 2462 1835 2499 esse
1879 2452 2246 2513 putaverunt,
2292 2453 2557 2514 tanquam
2600 2448 2859 2515 posterio-

587 2532 663 2582 ris
699 2531 1040 2584 Graecitatis
1073 2533 1317 2599 vestigia
1351 2532 1589 2598 prodens
1622 2532 1967 2599 suppositum
2006 2548 2129 2583 esse
2162 2533 2421 2599 perhibet
2444 2533 2771 2584 Karstenins
2804 2536 2861 2582 in

586 2615 941 2667 Relationum
987 2622 1044 2667 et
1081 2616 1647 2669 Communieationum
1695 2616 2023 2683 (Verslagen
2060 2632 2130 2667 en
2164 2616 2644 2683 Mededeelingen)
2680 2618 2775 2681 lv,
2818 2617 2860 2667 l.

585 2699 674 2754 Cf.
708 2700 996 2752 Leutschii
1031 2701 1300 2767 Philolog.
1338 2702 1469 2752 XIV
1513 2718 1567 2767 p.
1606 2700 1706 2753 413
1742 2716 1822 2766 sq.
1962 2700 2046 2765 12)
2106 2690 2515 2753 ἄποσκέδασαν
2548 2700 2734 2751 vindo.
2800 2728 2859 2736 —

583 2778 808 2851 πάτρας
853 2778 1024 2837 ἕνεκα
1067 2801 1178 2837 non
1213 2787 1248 2839 i.
1287 2802 1336 2852 q.
1383 2778 1495 2849 πρὸ
1529 2780 1781 2849 πάτρας,
1820 2787 1917 2837 sed
1956 2786 2198 2837 breviter
2232 2786 2437 2837 dictum
2476 2792 2563 2837 est
2590 2806 2662 2830 =
2694 2780 2857 2836 ἕνεκα

583 2868 686 2937 τῆς
733 2861 1071 2936 ἐλευθερίας
1115 2868 1216 2934 τῆς
1251 2862 1500 2936 πάτρας,
1539 2871 1613 2920 cf.
1650 2870 1885 2921 inferius
1922 2858 2159 2923 οὕνεκεν
2190 2860 2495 2937 Ἑλλήνων.
2565 2869 2691 2921 Hoc
2722 2870 2859 2919 Kar·

586 2955 754 3007 stenii
790 2954 1094 3007 doctissimi
1131 2970 1322 3008 cansa.
1371 2954 1587 3005 Deinde
1628 2948 1835 3006 ἔθεντο
1871 2943 2021 3006 ὅπλα
2057 2957 2277 3021 proprie
2314 2956 2350 3009 i.
2390 2972 2441 3022 q.
2480 2970 2651 3016 arma,
2689 2955 2855 3004 aciem

583 3040 911 3090 instruxere.
985 3042 1068 3092 De
1117 3054 1222 3107 quo
1257 3054 1359 3090 usu
1411 3055 1542 3093 vere
1598 3040 1770 3091 attico
1823 3040 1951 3091 vide
2004 3044 2157 3091 intrr.
2212 3040 2282 3090 ad
2336 3040 2507 3091 Thuc.
2543 3040 2627 3103 11,
2660 3040 2693 3089 2
2728 3040 2774 3101 ξ.
2810 3039 2857 3087 4.

587 3122 670 3186 13)
716 3122 838 3176 Vid.
872 3124 1100 3175 Excurs.
1139 3124 1210 3175 ad
1247 3123 1408 3175 finem
1443 3124 1602 3175 huius
1640 3124 1924 3178 orationis.
2033 3124 2118 3190 14)
2168 3116 2395 3192 βρᾶβην
2430 3124 2588 3187 libri,
2624 3124 2853 3187 (Laut-5:

581 3205 782 3343 βρξιβ).
821 3274 1168 3327 scholiastae
1205 3274 1479 3343 βραβεῖον
1526 3272 1693 3339 (Pall¹
1722 3276 1889 3327 etiam
1938 3277 1994 3326 in
2042 3282 2195 3327 textu
2229 3272 2533 3344 βράβειον,
2582 3276 2681 3329 sed
2714 3278 2857 3327 exitu

582 3360 863 3429 ambiguo)
891 3361 1269 3427 corrigendum
1305 3376 1426 3411 esse
1461 3361 1681 3411 videtur
1716 3362 1771 3411 in
1796 3352 2135 3428 βραβευτήν.
2162 3388 2231 3397 -
2262 3360 2632 3411 Schneiderns
2660 3362 2719 3411 in
2740 3376 2857 3426 snp-

582 3446 745 3513 plem.
773 3446 962 3497 Lexic.
1000 3447 1238 3497 correxit
1273 3448 1330 3496 in
1355 3442 1561 3512 βραβῆ.
1592 3446 1737 3518 θΝοιπι
1765 3439 1984 3511 βράβης
2010 3450 2095 3495 est
2120 3446 2296 3496 forma
2326 3460 2521 3511 parum
2546 3444 2855 3511 probabilis.

581 3529 805 3600 βραβῆν
825 3536 1008 3583 autem
1027 3530 1186 3581 nobis
1205 3530 1420 3595 quidem
1441 3530 1661 3581 videtur
1682 3529 1872 3581 deberi
1890 3530 2197 3581 scribarum
2221 3532 2527 3581 temeritati
2546 3546 2581 3581 ν
2600 3529 2853 3587 addendi:

579 3615 876 3667 Karstenio
900 3616 1120 3666 videtur
1143 3629 1266 3665 esse
1291 3615 1610 3680 posterioris
1638 3613 1995 3667 Graecitatis.
2068 3613 2153 3676 15)
2178 3601 2377 3681 οὕνεχ’
2394 3614 2555 3667 Pall.
2582 3642 2649 3651 —-
2670 3608 2855 3668 ἔνεπεν

575 3715 632 3763 p.
657 3725 726 3735 —-
747 3726 816 3735 --
837 3700 1092 3751 Proxime
1129 3714 1318 3750 omnes
1353 3698 1483 3751 libri
1517 3693 1739 3757 θέντες.
1788 3698 1897 3749 Sed
1922 3700 2251 3751 Karstenius
2274 3700 2416 3750 bene
2452 3702 2663 3751 monuit
2694 3692 2855 3765 {aar

579 3772 780 3847 αὖχένι
804 3776 1035 3833 τιθέναι
1060 3783 1301 3834 victores
1327 3784 1438 3833 dici
1465 3785 1651 3850 iugum
1674 3785 2019 3849 imponentes
2046 3784 2227 3835 victis.
2272 3785 2392 3835 Nec
2428 3789 2519 3835 est
2540 3778 2745 3843 θέντες
2768 3800 2850 3835 ex·

579 3866 895 3934 plicandum‘
933 3882 1053 3917 cum
1077 3867 1300 3919 Dissen.
1337 3869 1375 3918 i.
1405 3884 1452 3933 q.
1487 3884 1546 3919 se
1576 3868 1915 3921 subiicieutes.
1972 3868 2163 3932 Neque
2200 3884 2330 3919 vero
2367 3868 2499 3919 inde
2536 3867 2850 3919 concluden-

579 3952 706 4003 dum
743 3950 946 4003 falsam
981 3966 1104 4003 esse
1143 3952 1405 4003 carminis
1441 3954 1727 4019 originem,
1768 3953 1865 4004 sed
1900 3952 2126 4003 verbnm
2164 3953 2549 4019 corrigendum
2586 3954 2850 4005 sententia

578 4036 896 4105 postulante
956 4038 1014 4085 in
1073 4035 1284 4089 θεῖσαν
1345 4052 1466 4087 eum
1525 4028 1697 4103 ὕβριν
1756 4043 2141 4089 constructum.
2283 4035 2369 4103 16)
2404 4024 2587 4097 αὖθις
2624 4036 2851 4087 coniecit

577 4122 759 4189 Kypk.
809 4122 942 4175 Obs.
989 4121 1048 4171 in
1083 4122 1148 4175 N.
1185 4122 1250 4195 Τ.
1302 4122 1366 4171 Τ.
1405 4122 1460 4171 11
1495 4138 1547 4188 p.
1584 4121 1685 4182 285
1722 4123 1791 4173 ad
1828 4123 2003 4189 Epist.
2042 4122 2113 4173 ad
2150 4122 2334 4173 Galat.
2372 4123 2439 4185 V,
2483 4122 2529 4173 1.
2598 4121 2741 4172 Sane
2774 4127 2847 4170 te·

577 4223 744 4261 mere.
865 4204 948 4270 17)
990 4204 1442 4257 ‘ExAttieorum
1477 4222 1579 4259 usu
1614 4208 1965 4259 scribendum
2002 4207 2167 4257 eredo
2204 4200 2409 4271 ἔχοιεν.
2479 4206 2601 4257 vid.
2638 4206 2849 4257 Dawes.

575 4294 737 4345 Mise-
781 4308 836 4359 p.
871 4290 972 4345 82:
1043 4291 1408 4344 Br.unkius.
1481 4293 1604 4343 Vid.
1655 4292 1723 4343 ad
1770 4293 1809 4343 f.
1860 4292 1968 4359 leg.
2016 4292 2065 4353 §-
2100 4292 2184 4343 51.
2254 4291 2507 4341 Proxime
2565 4292 2682 4343 loeo
2740 4283 2843 4355 ἔχει

577 4374 766 4427 Laui-S
813 4374 1016 4443 comffl*
1050 4369 1235 4443 ἔχεινῖ
