3084 4938
604 374 869 417 nxcuns.
902 376 985 416 Ao
1018 376 1457 419 nnnosrnnms
1489 378 1676 419 onA'r.
1707 378 1791 419 m:
1825 379 2070 421 conon
2103 366 2176 436 S.-
2193 370 2312 421 289.
2487 368 2609 429 373

336 530 479 577 teret
512 524 773 589 intelligi.
822 544 964 591 quum
998 528 1219 577 strenuis
1250 528 1570 591 facinoribus
1591 530 1740 579 vitam
1775 544 1984 579 servare
2017 535 2278 594 cuperent.
2328 530 2612 583 Facinors.

334 611 433 662 illa
468 626 563 675 pro
610 611 787 675 pretio
834 616 985 671 sunt,
1034 625 1140 675 quo
1184 612 1303 661 vita
1348 616 1610 677 tanquam
1657 614 1962 673 redimitur,
2009 614 2154 663 unde
2198 616 2434 679 genitivi
2479 606 2612 679 ἄρε-

334 694 435 761 τῆς
470 692 569 746 καὶ
606 688 869 759 λήματος.
921 694 1007 744 cf.
1044 696 1267 745 Homer.
1296 696 1493 759 Odyss.
1522 691 1578 746 α’
1599 712 1680 749 vs.
1707 697 1740 747 5
1765 714 1843 762 sq.
1883 703 1941 747 et
1963 698 2232 749 Mnasalc.
2271 699 2608 765 Epigramm.

334 780 461 829 XVI
498 796 579 829 vs.
616 778 664 830 3.
724 778 945 829 Anthol.
984 778 1049 831 T.
1088 780 1111 829 1
1146 796 1201 845 p.
1243 779 1337 830 126
1373 781 1598 831 Iacobs:
1645 774 1922 845 ἄρνυνται
1961 772 2022 832 δ’
2058 773 2268 849 αἱρετῆς
2303 776 2476 833 αἶνον
2511 778 2606 849 μέ-

332 862 479 929 γαν.’
560 862 763 930 [Magis
799 864 1051 928 placeret
1086 864 1316 929 Bergkii
1352 865 1534 927 (Post.
1572 866 1758 929 Lyric.
1795 882 1850 931 p.
1875 864 1974 915 504
2015 866 2099 917 ed.
2133 866 2271 931 2⁸¹⁶)²·
2305 863 2608 932 μαιόμενοι

336 939 397 998 δ’
432 938 643 1013 αἱρετῆς
680 942 1069 1013 ἰσοδαίμονος,
1110 949 1206 998 sed
1243 950 1463 1014 propius
1502 950 1572 999 ad
1609 949 1844 1000 traditas
1890 949 2080 1002 literas
2117 952 2340 1003 accedit
2373 960 2430 1003 et
2467 954 2606 1003 faci-

332 1032 436 1083 lior
483 1037 567 1084 est
606 1033 869 1083 Passowii
918 1034 995 1095 (in
1032 1038 1141 1083 not.
1180 1040 1303 1085 mst.
1350 1034 1421 1083 ad
1456 1033 1673 1085 Anthol.
1713 1034 1834 1085 Pal.
1873 1035 2119 1101 Append.
2155 1036 2222 1087 T.
2259 1034 2382 1087 111b
2417 1052 2471 1103 p.
2505 1036 2607 1088 944

330 1118 550 1168 Iacobs.
592 1118 667 1167 cf.
704 1118 864 1167 huius
884 1116 1143 1167 «addend.
1184 1118 1254 1167 ad
1290 1116 1475 1167 Palat.
1508 1119 1573 1168 T.
1600 1118 1721 1167 111c
1757 1134 1810 1184 p.
1844 1118 1945 1169 CII
1981 1118 2117 1186 sq.)=
2155 1112 2508 1186 μνησάμενοι
2546 1112 2607 1171 δ’

330 1193 539 1267 ἀρετῆς
590 1198 689 1252 καὶ
743 1193 1008 1267 λήματος.
1080 1202 1235 1251 Idem
1272 1201 1289 1262 (
1309 1202 1372 1263 ?)
1412 1204 1467 1251 in
1504 1202 1792 1268 Ephemer.
1830 1204 1944 1255 len.
1985 1202 2114 1253 1817
2150 1204 2249 1257 No.
2285 1202 2354 1253 55
2387 1221 2440 1271 p.
2476 1203 2606 1255 438:

329 1277 683 1353 μνησάμενοι
721 1276 775 1336 δ’
815 1276 907 1349 α’ρ.
944 1284 1041 1337 καὶ
1080 1276 1403 1351 δείγματος.
1476 1286 1563 1336 cf.
1599 1288 1822 1341 Homer.
1860 1288 2056 1351 Odyss.
2094 1279 2156 1339 θ’
2191 1302 2272 1341 vs.
2307 1290 2434 1338 244:
2473 1280 2606 1355 ἡμε-

330 1365 497 1436 τέρης
532 1361 739 1437 α’ρετῆς
774 1365 1133 1435 μεμνημένος
1170 1375 1275 1422 etc.
1312 1370 1474 1423 Iliad.
1512 1370 1570 1420 X
1573 1362 1588 1382 '
1623 1386 1704 1421 vs.
1741 1370 1868 1421 268:
1941 1370 2220 1437 παντοίης
2265 1362 2474 1438 αἱρετῆς
2514 1390 2601 1438 μι·

328 1448 627 1521 μνήσειετο.
674 1455 755 1505 Ad
790 1447 1103 1520 ἀρνύμενοι
1140 1455 1433 1505 revertitur
1466 1470 1612 1505 nunc
1635 1457 1884 1519 Bernays
1919 1456 1976 1505 in
2011 1456 2151 1507 Mus·
2193 1456 2366 1507 Rhen.
2405 1458 2550 1519 XIV,
2572 1460 2604 1507 2
2669 1438 2684 1449 ⁹

329 1558 381 1606 p.
418 1538 546 1603 322,
586 1540 668 1591 sic
706 1540 1033 1591 coniiciensz
1092 1529 1405 1605 α’ρνῦμενοι
1444 1530 1504 1589 δ’
1540 1530 1756 1605 ἀρετὴν
1793 1538 1930 1605 δίχα
1968 1537 2272 1606 δαίμονος,
2315 1544 2605 1605 yona-ver·-

328 1628 527 1675 Iauene
560 1627 753 1689 tuyend
784 1626 1059 1675 erwdltlten
1092 1627 1187 1677 sie.
1256 1624 1329 1673 At
1362 1623 1505 1673 haec
1542 1623 1714 1675 verba
1749 1625 1932 1689 potius
1969 1623 2374 1689 significarent:
2421 1640 2604 1689 repor-

327 1717 495 1759 tantes
528 1714 757 1761 virtutem
800 1712 911 1759 sine
958 1712 1070 1761 deo.
1142 1708 1299 1771 Quae
1346 1708 1628 1759 sententia
1663 1724 1772 1758 non
1807 1714 1942 1775 apta
1978 1706 2112 1780 cst]⁴
2179 1708 2370 1775 Pergit
2405 1708 2606 1760 Schne-

330 1795 502 1844 ferus:
543 1793 725 1843 ‘Nunc
772 1793 991 1844 tertium
1036 1793 1396 1859 periclitabor
1440 1793 1840 1852 coniecturam,
1889 1794 1937 1842 si
1981 1793 2124 1843 sorte
2162 1794 2290 1858 quid
2327 1792 2446 1858 opis
2481 1792 2604 1844 Ioco

330 1878 613 1944 deplorato
650 1878 795 1928 ferre
832 1878 1053 1943 possim.
1128 1876 1389 1944 Suspicor
1430 1868 1640 1943 ἀρετῆς
1684 1873 1782 1927 διὰ
1830 1876 2132 1943 δείγματος
2169 1868 2273 1927 οὐκ
2312 1868 2602 1929 ἐσάωσαν)

328 1962 419 2013 Sic
456 1962 805 2014 Schaeferns.
874 1964 1071 2012 Denuo
1118 1962 1187 2011 ad
1234 1962 1463 2013 eundem
1508 1962 1688 2013 locum
1734 1961 1966 2012 revertit
2011 1963 2096 2011 vir
2131 1962 2199 2011 de
2233 1961 2603 2012 Demosthene

326 2046 559 2097 maxime
606 2046 829 2097 meritus
875 2048 1075 2111 Appar.
1123 2045 1255 2095 Crit.
1300 2048 1459 2096 Dein.
1505 2046 1573 2095 T.
1610 2046 1744 2096 VIII
1781 2064 1834 2112 p.
1870 2046 1968 2095 772
2005 2046 2314 2097 Foertschii
2359 2044 2602 2111 explica-

326 2132 531 2181 tionem
558 2134 857 2197 'perperam
894 2132 1323 2195 impugnatur-ue.
1368 2131 1473 2179 Hic
1514 2130 1655 2181 enim
1695 2130 1991 2181 Comment.
2013 2129 2156 2185 Crit.
2195 2130 2261 2181 de
2297 2130 2434 2181 locis
2469 2144 2602 2180 non-

327 2216 495 2266 nullis
528 2215 735 2279 Lysiae
774 2219 831 2265 et
866 2216 1021 2265 Dem.
1060 2230 1112 2279 p.
1150 2215 1211 2264 51
1252 2213 1527 2265 intellexit
1563 2215 1837 2281 genitivos
1873 2214 2112 2280 pendere
2151 2230 2184 2265 a
2221 2212 2424 2283 βραβῆ.
2495 2214 2602 2265 Re-

324 2299 543 2351 tinebat
594 2305 779 2349 autem
830 2298 1192 2349 Valckenarii
1246 2299 1644 2349 coniecturam.
1714 2299 1976 2349 Triennio
2029 2303 2196 2349 antea
2247 2298 2416 2363 (anno
2472 2297 2604 2349 1826

324 2385 661 2449 Programm.
700 2382 911 2443 Colon.)
962 2382 1253 2433 Goellerus
1296 2383 1503 2433 rectius
1551 2384 1770 2448 quidem
1806 2397 1968 2448 quam
2003 2382 2130 2433 olim
2168 2383 2398 2434 eandem
2435 2384 2602 2434 ratio-

325 2485 449 2520 nem
484 2468 713 2531 invenit,
754 2468 1059 2534 genitivum
1096 2467 1333 2532 pendere
1373 2484 1405 2517 a
1442 2464 1647 2534 βραβῆ,
1688 2483 1850 2534 qnam
1875 2472 2202 2518 structuram
2227 2468 2603 2533 probaverunt

325 2556 493 2605 etiam
530 2554 845 2615 Dissenius‚
885 2551 1225 2615 Dindorfius‚
1266 2554 1748 2614 Westermannus‚
1799 2551 2170 2618 Goettlingius
2217 2553 2322 2615 (De
2361 2551 2600 2604 Chaero-

324 2653 431 2689 nea
466 2653 515 2702 p.
554 2638 587 2687 5
620 2655 693 2681 =
728 2637 930 2702 Opusc.
967 2637 1033 2686 T.
1068 2637 1096 2686 1
1130 2654 1182 2702 p.
1226 2635 1371 2699 150),
1418 2634 1764 2686 Thndichum
1801 2634 1960 2700 (Mus.
1999 2637 2174 2686 Rhen.
2214 2637 2336 2686 XII.
2385 2635 2509 2686 1857
2545 2653 2598 2702 p.

324 2721 425 2774 296
460 2722 563 2788 sq.)
585 2759 598 2783 ‚
636 2721 867 2773 Rothius
904 2721 981 2782 (in
1016 2721 1303 2772 Leutschii
1340 2720 1632 2786 Philologo
1673 2718 1802 2771 1855
1838 2722 1906 2770 Τ.
1942 2721 1990 2770 Χ
2027 2738 2081 2787 p.
2117 2719 2274 2784 335),
2314 2721 2422 2770 nisi
2457 2721 2600 2786 quod

298 2795 413 2857 'hic
448 2807 535 2858 vir
568 2806 761 2857 doctus
798 2806 1027 2856 eundem
1065 2821 1253 2856 casum
1289 2808 1457 2856 etiam
1494 2806 1566 2856 ad
1602 2795 1707 2856 οὐκ
1745 2795 2001 2855 ἐσάωσαν
2035 2803 2314 2870 pertinere
2349 2804 2592 2869 volebat,

320 2895 383 2940 nt
414 2889 651 2956 pretium
688 2889 885 2940 salutis
918 2891 1297 2942 indicaretur:
1344 2891 1471 2940 Tali
1517 2890 1732 2940 ratione
1781 2891 2114 2940 constructio
2149 2887 2419 2939 turbatur.
2489 2889 2598 2940 Sed

320 2975 551 3026 retinuit
609 2974 895 3026 Goellerus
954 2975 1327 3025 victorianum
1397 2971 1720 3040 δείγματος.
1791 2975 2044 3024 Retinuit
2113 2973 2281 3023 etiam
2342 2972 2597 3024 Osannus

322 3058 621 3112 Comment.
670 3049 873 3112 semin.
912 3059 1190 3110 Gissensis
1228 3060 1299 3108 VI
1337 3076 1390 3125 p.
1430 3057 1491 3108 10
1536 3059 1843 3110 coniiciens
1879 3058 2226 3108 scribendum
2263 3073 2386 3110 esse
2422 3073 2594 3124 μαρν.

319 3132 527 3210 αἱρετῆς
568 3135 746 3194 κατὰ
796 3141 1129 3209 δείγματος,
1168 3146 1231 3194 de
1264 3146 1465 3194 virtutis
1497 3145 1816 3208 spectatione
1849 3150 2162 3208 pugnantes,
2187 3141 2268 3193 'et
2303 3143 2596 3194 conferens

321 3229 677 3294 Epigramma
710 3228 859 3279 tituli
894 3231 953 3279 in
989 3229 1129 3278 Chio
1164 3229 1371 3292 reperti
1407 3227 1600 3292 (Beck.
1639 3227 1843 3277 Comm.
1883 3226 2005 3276 Soc.
2043 3225 2186 3276 Phil.
2223 3228 2377 3293 Lips.
2415 3229 2480 3278 T.
2517 3229 2596 3280 IV

320 3329 373 3379 p.
413 3313 529 3362 154.
567 3312 841 3365 Classical
876 3314 1059 3365 Iourn.
1095 3313 1159 3362 T.
1186 3313 1213 3362 1
1248 3329 1301 3378 p.
1328 3312 1476 3376 117)=
1516 3303 1708 3377 δεῖγμ’
1736 3301 1944 3376 αἱρετῆς
1969 3304 2194 3376 θέμενοι
2221 3310 2364 3374 (scil.
2389 3298 2595 3375 ἆθλα).

324 3402 380 3448 et
416 3397 484 3446 de
521 3398 925 3449 constructione
974 3397 1265 3448 conferens
1310 3396 1616 3449 Herodian.
1651 3397 1796 3448 Hist.
1833 3395 1928 3458 VI,
1967 3395 2012 3453 7,
2055 3393 2143 3444 18:
2196 3387 2342 3447 κατὰ
2379 3395 2598 3447 σκοποῦ

320 3473 684 3544 τοξευόντων.
755 3483 831 3534 At
872 3483 1015 3533 hanc
1060 3483 1527 3548 praepositionem
1563 3481 1912 3531 Herodianus
1948 3495 2014 3530 eo
2049 3479 2173 3530 loco
2209 3482 2494 3546 usurpavit
2527 3483 2594 3532 tle

320 3565 473 3630 loco,
520 3581 629 3616 non
664 3565 733 3616 de
770 3565 999 3617 consilio
1036 3566 1393 3632 assequendo.
1463 3568 1548 3616 De
1595 3566 1916 3616 coniectura
1951 3569 2138 3615 autem
2174 3563 2478 3630 δείγματος
2511 3567 2596 3617 sic
2685 3561 2692 3568 “

322 3650 589 3702 iudicavit
624 3650 907 3702 Iacobsins
944 3650 1037 3714 (ad
1072 3651 1294 3702 Anthol.
1328 3651 1393 3701 T.
1418 3651 1526 3700 XII
1562 3667 1616 3715 p.
1639 3647 1796 3714 21⁴0:
1836 3650 2042 3702 ‘Unice
2077 3665 2213 3700 vera
2249 3654 2335 3699 est
2355 3649 2596 3702 Valcke-

320 3736 468 3785 narii
504 3734 854 3786 emendatio)
906 3740 963 3787 et
998 3735 1069 3785 ad
1103 3735 1323 3788 Anthol.
1359 3733 1479 3784 Pal.
1517 3734 1582 3784 T.
1621 3733 1746 3785 111¹>
1779 3751 1832 3800 p.
1870 3732 2000 3785 944:
2041 3734 2244 3786 ‘Nimis
2278 3733 2596 3786 Marklandi

322 3819 595 3870 correctio
640 3816 947 3884 δείγματος
992 3819 1183 3884 friget.
1252 3816 1453 3868 Melius
1496 3813 1772 3882 λήματος,
1817 3819 1958 3883 quod
2001 3823 2186 3871 tamen
2232 3834 2342 3870 non
2379 3835 2592 3871 omnem

320 3903 709 3954 difficultatem
742 3903 907 3964 tollit,
945 3919 1107 3969 quum
1144 3903 1509 3969 genitivorum
1547 3902 1686 3952 ratio
1723 3917 1822 3968 per
1833 3897 2026 3954 οὲνεκα
2063 3905 2458 3970 explicatorum
2495 3906 2594 3956 du-

320 3987 543 4038 rissima
578 3987 651 4037 sit
686 3992 793 4038 etc.
862 3990 909 4039 A
954 3989 1183 4055 vulgato
1230 3985 1498 4051 δείματος
1536 4001 1654 4054 μου
1696 3987 1927 4038 recessit
1972 3987 2220 4052 Grotius,
2270 3991 2364 4054 qui
2395 3991 2590 4041 vertitz

318 4073 547 4122 nicer-une
591 4075 777 4122 virtute
820 4081 1015 4122 meeum.
1086 4075 1151 4124 In
1199 4087 1305 4138 quo
1352 4072 1480 4136 quid
1516 4075 1738 4123 secutus
1773 4071 1874 4136 sit,
1911 4088 2016 4123 non
2055 4079 2312 4139 apparet,
2351 4073 2591 4124 fortasse

318 4150 681 4223 μαρνάμενοι
728 4145 782 4206 δ’
830 4147 1031 4223 οἷρετῇ,
1088 4155 1227 4222 δίχα
1273 4152 1541 4223 δείματος
1588 4155 1757 4222 (quod
1803 4156 2060 4208 Iacobsio
2095 4155 2358 4223 placebat
2390 4157 2450 4206 in
2481 4157 2590 4222 Ap·
2611 4137 2632 4158 ‘

320 4240 483 4305 pend.
530 4240 603 4290 ad
646 4239 867 4291 Anthol.
912 4241 1096 4290 Palat.
1134 4241 1198 4294 T.
1238 4242 1289 4291 II
1332 4257 1383 4306 p.
1418 4239 1572 4306 842),
1601 4243 1788 4306 procul
1819 4259 1854 4292 a
1888 4239 2102 4293 timore)
2175 4241 2240 4290 In
2275 4240 2594 4292 obscuriora

320 4324 551 4374 recessit
586 4323 729 4374 alins
764 4325 849 4373 vir
884 4323 1077 4374 doctus
1114 4325 1423 4391 (Ephemer.
1458 4327 1648 4376 lenen-
1688 4327 1818 4375 anni
1860 4323 1986 4375 1817
2019 4325 2122 4377 Nc.
2157 4323 2224 4374 55
2258 4341 2312 4390 p.
2337 4322 2459 4386 437)
2495 4339 2594 4389 pro

320 4403 423 4461 καὶ
456 4406 727 4473 δείματος
762 4408 1081 4459 dubitanter
1116 4409 1417 4460 coniiciens
1452 4407 1868 4476 παιδεύματος,
1905 4409 2186 4474 ΙεᾶηιρῙεπᾱ
2217 4425 2294 4458 um
2329 4411 2426 4459 dan
2459 4409 2594 4459 teler-
