3084 4938
497 300 620 363 104
1067 309 1513 353 nnnosrnsms
1547 306 1783 350 omno
1815 308 1902 349 nn
1933 303 2202 349 cononis.

1625 456 1674 495 36

492 464 531 541 ὅ
574 458 1151 557 οἷειιεειῑτοιλμ.ε’νος,35
1210 466 1323 535 καὶ
1370 464 1634 552 λέγειν,
1732 466 1848 533 ἵνα
1893 452 2440 549 ιιιιῖοθοινόμενος37
2483 453 2521 529 ὁ
2571 461 2784 549 δῆμος

496 562 1000 661 βουλεύσηται,38
1033 574 1103 640 τί
1135 552 1298 638 δεῖ39
1334 580 1573 636 ποιεῖν.

648 682 749 744 75.
807 673 1016 742 Τοῦτο
1048 670 1173 760 μὲν
1206 674 1439 739 τοίνυν
1471 663 1546 737 τό
1581 660 1870 755 ψήφισμ’
1878 660 2268 751 Ἐὔβουλος
2289 655 2786 754 ἔγραψεν,ὀυκ

498 895 593 935 sus
632 884 745 938 est,
788 876 951 932 etiam
998 874 1167 935 dicat,
1209 880 1273 928 ut
1316 887 1429 927 rem
1470 886 1810 943 cognosceus
1848 868 2087 943 populus
2117 867 2410 929 deliberet.
2457 868 2586 942 quid
2618 884 2784 940 agen-

496 962 623 1019 dum
652 968 748 1100 τὲ.
780 1044 896 1100 Hoe
924 1043 1097 1138 igitug
1122 1042 1398 1097 decretum
1429 1040 1674 1097 Eubulus
1705 1039 1849 1101 fecit,
1879 1055 1990 1095 non
2022 1053 2154 1111 ego.
2187 1037 2240 1093 id
2263 1052 2418 1100 vero,
2451 1036 2598 1111 quod
2625 1054 2782 1095 secu·
2813 1034 2826 1043 '

500 1278 745 1329 deletum
783 1275 889 1340 est)
926 1274 1289 1326 resecandum
1312 1274 1507 1324 iubent
1530 1270 1995 1333 Wunderliehius‚
2031 1270 2341 1332 Disaenius,
2379 1269 2777 1321 Boehneckius

498 1363 728 1425 Quaest.
776 1378 828 1427 p.
874 1358 1001 1423 480,
1050 1358 1143 1424 qui
1188 1358 1331 1409 haee
1380 1358 1695 1407 annotavit:
1745 1349 1959 1420 ιλέγειν
1993 1354 2351 1405 reiieiendum
2389 1369 2512 1405 esse
2546 1354 2782 1415 videtur,

498 1461 660 1513 quum
706 1446 919 1496 notatio
965 1443 1187 1495 dicendi
1230 1444 1341 1493 iam
1387 1442 1521 1497 insit
1565 1442 1624 1491 in
1667 1440 1835 1491 verbo
1873 1433 2253 1501 διαλέξονται.
2325 1432 2558 1503 Γράψαι
2595 1443 2781 1491 autem

497 1530 569 1581 ad
604 1530 917 1597 Philippum
964 1529 1171 1579 refero:
1220 1534 1275 1577 ut
1318 1530 1477 1591 leuati
1505 1542 1674 1591 regem
1710 1528 1858 1575 etiam
1891 1525 1988 1575 1100
2019 1528 2209 1590 populo
2240 1540 2340 1590 per
2373 1526 2554 1575 literas
2585 1527 2780 1591 signifi·

496 1632 619 1667 care
660 1614 883 1665 iubeant.
953 1612 1244 1679 Philippus
1287 1617 1485 1677 postea
1531 1611 1696 1661 etiam
1745 1610 1814 1659 de
1860 1609 1967 1665 hae
2014 1626 2074 1661 re
2117 1609 2187 1660 ad
2221 1607 2476 1676 populum
2514 1608 2779 1675 seripsin’

496 1699 789 1749 Dissenius
826 1703 1009 1749 autem
1044 1700 1245 1762 putans
1280 1700 1475 1761 legatos
1508 1699 1674 1747 lectos
1708 1709 1858 1745 esse.
1929 1696 2042 1747 ,ad
2073 1692 2450 1745 rescribendum
2483 1696 2636 1744 eciam
2668 1696 2778 1751 hoc,

498 1784 665 1834 dixit·
717 1784 878 1848 ‘ergo
914 1776 1102 1847 λέγειν
1138 1781 1469 1832 eiiciendum
1506 1778 1629 1831 est?
1700 1780 1818 1829 Iam
1855 1778 2104 1829 Bromius
2143 1784 2238 1828 aut
2271 1778 2454 1844 potius
2487 1752 2780 1829 Rauehen-

496 1869 729 1919 steinius
763 1866 801 1921 1.
841 1883 888 1917 c.
928 1883 981 1932 p.
1022 1864 1085 1915 16
1119 1863 1497 1915 intellexerat.
1538 1862 1782 1915 ‘illatum
1818 1858 2038 1927 γράψαι
2073 1863 2292 1914 videtur
2326 1864 2397 1913 ab
2435 1880 2528 1925 eo,
2568 1865 2662 1929 qui
2699 1864 2780 1912 in-

498 1952 771 2003 finitivum
818 1943 1003 2014 λέγειν
1049 1949 1120 1999 ad
1164 1948 1378 2013 legatos
1425 1948 1675 1997 referens
1721 1948 1958 2012 pendere
2005 1949 2224 2014 putavit
2261 1948 2330 1998 ab
2369 1938 2663 2014 Ενβουλος
2701 1940 2780 1999 εἴ·

496 2051 631 2088 πτειν
676 2033 923 2098 falsoque
968 2034 1113 2082 hane
1158 2032 1265 2081 sibi
1303 2032 1457 2081 finxit
1491 2032 1853 2081 sententiam:
1901 2032 2126 2083 Eubulus
2161 2034 2300 2083 dixit
2331 2058 2398 2069 —
2431 2040 2677 2097 oportere
2711 2036 2781 2085 le·

492 2127 644 2185 auios
679 2118 851 2168 iubere
888 2119 1177 2183 Philippum
1207 2116 1435 2167 scribere
1470 2118 1542 2166 acl
1576 2116 1935 2175 Athe-reienses,
1971 2120 2022 2167 si
2055 2134 2199 2183 quam
2234 2117 2296 2168 ob
2331 2133 2437 2167 rem
2471 2116 2588 2167 etc!
2663 2116 2782 2167 Sei-

497 2203 637 2263 lieet
672 2202 793 2267 ipse
828 2216 925 2251 rex
962 2217 1021 2251 se
1058 2216 1321 2271 peccasse
1360 2201 1786 2251 Atheniensibus
1822 2201 2059 2252 scribat!
2131 2201 2460 2251 Rectissime
2491 2201 2781 2252 Rauehen-

498 2286 735 2337 steinius
784 2286 1018 2337 monuit:
1070 2285 1438 2337 ‘Vocabulum
1475 2281 1699 2351 γράψαι
1736 2286 1879 2352 quod
1914 2302 2174 2337 summam
2211 2286 2358 2353 parit
2391 2284 2782 2336 difficultatem

496 2386 675 2436 neque
731 2386 766 2421 a
822 2384 1091 2437 quoquam
1147 2371 1506 2435 interpretum
1565 2370 1897 2437 explicatum
1945 2375 2054 2435 est,
2114 2371 2406 2421 damnatur
2450 2386 2485 2421 a
2528 2368 2784 2435 plurimis
2839 2421 2846 2429 ,

496 2454 823 2522 optimisque
860 2454 1111 2507 testibus.
1182 2456 1257 2506 Et
1294 2456 1511 2522 quidem
1547 2460 1718 2518 reete,
1757 2456 1914 2508 modo
1953 2454 2236 2523 intelligas
2272 2449 2459 2521 λέγειν
2493 2471 2672 2520 neque
2709 2456 2782 2506 ad

495 2539 748 2606 populum
796 2555 973 2606 neque
1022 2541 1089 2591 ad
1127 2545 1377 2591 senatum
1415 2557 1590 2608 neque
1629 2542 1698 2591 ad
1734 2541 1950 2607 legatos
1987 2541 2360 2603 referendum,
2408 2540 2505 2591 sed
2541 2539 2612 2589 ad
2649 2541 2780 2590 Phi-

495 2623 730 2690 lippum,
770 2623 851 2674 ita
886 2629 947 2675 ut
980 2625 1110 2687 hoe,
1150 2618 1250 2675 τὸν
1286 2623 1574 2676 Φίλιππον
1609 2620 1820 2690 λέγειν,
1860 2624 2102 2689 pendeat
2137 2624 2209 2674 ab
2248 2617 2456 2689 ἐροῦσι,
2493 2639 2658 2676 sensu
2697 2627 2782 2674 in—

494 2708 679 2770 bendi‚
720 2710 862 2774 quod
898 2727 965 2760 ex
1006 2705 1367 2772 διαλέξονται
1406 2709 1475 2760 ad
1512 2724 1948 2774 unamquamque
1987 2710 2424 2762 enuntiationem
2463 2709 2782 2774 hypotheti-

496 2808 619 2845 eam
669 2793 1193 2860 subintelligendum
1238 2794 1358 2847 est)
1431 2796 1554 2846 Hoc
1598 2809 1788 2844 verum
1831 2799 2112 2858 putamus,
2161 2809 2272 2844 non
2318 2793 2507 2860 placet
2541 2793 2784 2846 Frankii

496 2877 797 2943 explicatio
844 2879 1019 2942 (Diar.
1055 2879 1239 2944 Antiq.
1279 2878 1365 2943 11,
1403 2879 1435 2928 ss
1471 2895 1521 2946 p.
1561 2877 1710 2942 584):
1758 2877 2006 2928 Eubulus
2051 2879 2272 2945 rogavit
2314 2884 2375 2928 ut
2409 2863 2684 2941 Prytaffes
2723 2885 2782 2928 et

494 2960 853 3042 imperatores
888 2964 947 3013 in
986 2963 1223 3014 formula
1257 2962 1560 3028 legationis
1595 2964 1930 3028 seriberent,
1977 2964 2196 3030 legatos
2233 2964 2402 3014 etiam
2435 2963 2541 3013 hoe
2576 2977 2781 3013 renun-

494 3046 637 3096 tiare
695 3046 912 3100 debere.
993 3049 1103 3098 Per
1155 3063 1216 3098 se
1272 3053 1704 3098 consentaneum
1759 3053 1843 3098 est
1886 3049 2104 3115 legatos
2151 3048 2222 3098 ad
2265 3047 2522 3115 populum
2569 3048 2779 3099 referre

497 3145 637 3195 qnae
685 3131 752 3180 de
796 3131 904 3182 hae
950 3148 1011 3181 re
1057 3148 1087 3182 e
1132 3131 1391 3198 Philippo
1441 3133 1765 3184 audiissent.
1845 3135 1994 3198 Ergo
2039 3133 2098 3183 id
2140 3149 2250 3183 non
2295 3136 2418 3183 erat
2459 3131 2778 3188 iubendum.

492 3214 611 3266 Nee
646 3214 893 3266 videmus
930 3215 1232 3267 ‘rationem
1274 3217 1694 3281 grammaticam
1729 3217 2119 3283 postulantem,
2157 3223 2220 3268 ut
2254 3217 2480 3269 verbum
2519 3217 2588 3268 ad
2625 3216 2779 3283 lega-

494 3305 580 3350 tos
616 3298 925 3350 referatur!
998 3301 1153 3362 Quae
1192 3304 1277 3351 est
1297 3301 1570 3350 Dindorfii
1606 3303 1940 3354 observatio.
2011 3303 2084 3353 At
2112 3303 2336 3369 propius
2363 3307 2447 3353 est
2471 3303 2780 3354 subiectum

495 3377 713 3449 λαβών,
762 3398 923 3448 quam
971 3378 1353 3447 διαλέξονται.
1400 3411 1469 3422 —-
1513 3387 1702 3436 Etiam
1749 3387 1908 3438 ambo
1943 3389 2118 3438 verba
2153 3387 2390 3438 delenda
2427 3403 2549 3438 esse
2585 3388 2780 3438 iubent

496 3468 559 3518 G.
599 3469 948 3519 Hei-manuus
996 3475 1052 3519 et
1084 3469 1537 3520 Funkbaenelius
1575 3470 1824 3534 (Quaest.
1861 3473 2018 3522 Dem.
2055 3489 2110 3538 p.
2147 3471 2218 3536 X)
2264 3471 2437 3523 solum
2473 3468 2571 3522 καὶ
2607 3471 2775 3523 τοῦτο

496 3551 885 3617 relinquentes.
935 3581 997 3588 —
1045 3555 1227 3604 Locus
1273 3555 1511 3604 traditae
1548 3554 1806 3606 lectionis
1843 3557 1954 3606 iam
1989 3557 2187 3607 lVolfio
2222 3557 2517 3607 videbatur
2551 3558 2774 3608 mendo-

494 3651 587 3686 sus
625 3637 977 3702 ‘quoeunque
1014 3643 1069 3688 te
1106 3637 1339 3688 vertas’.
1412 3638 1657 3689 Salutem
1694 3639 1966 3705 praebent
1991 3639 2059 3690 Σ.
2099 3641 2289 3692 Laut-S
2327 3640 2532 3706 aliique
2558 3643 2776 3708 plurimi

494 3719 715 3770 codices
738 3715 959 3784 γράψαι
984 3723 1322 3788 ignorantes,
1362 3739 1585 3788 quorum
1611 3726 1803 3790 optimi
1829 3741 1932 3776 nec
1958 3723 2124 3777 τοῦτο
2149 3726 2374 3777 habent.
2434 3727 2592 3789 Quod
2615 3743 2774 3794 prae-

490 3807 575 3860 ter
612 3819 734 3853 corr
757 3804 945 3855 Laut-S
982 3821 1169 3857 omnes
1205 3812 1427 3858 tuentur
1462 3805 1578 3872 καὶ,
1617 3811 1888 3878 integrum
1925 3811 2341 3876 relinquendum
2379 3815 2480 3874 est,
2520 3811 2556 3861 i.
2591 3827 2640 3864 e.
2667 3827 2776 3864 non

494 3887 667 3938 solum
704 3887 778 3938 sit
813 3889 1001 3941 insons
1036 3907 1160 3953 rex,
1200 3893 1297 3942 sed
1334 3894 1500 3943 etiam
1537 3894 1705 3950 dieat.
1778 3896 1864 3946 cf.
1902 3897 2094 3962 Progr.
2131 3896 2392 3947 Francos.
2435 3895 2566 3946 1842
2603 3915 2654 3963 p.
2696 3897 2774 3948 12.

492 3971 580 4037 37)
626 3966 978 4038 αἰσθόμενος
1011 3973 1091 4028 Ω.
1129 3991 1181 4039 γ.
1218 3993 1265 4026 ιι.
1335 3993 1445 4028 non
1480 3979 1740 4046 displicet
1776 3980 2102 4042 Sohaefero‚
2143 3996 2246 4031 nee
2281 3980 2468 4041 nobis,
2504 3982 2616 4032 nisi
2651 3999 2776 4032 sen·

493 4059 669 4108 tentia
722 4063 834 4122 est,
892 4059 1233 4123 contionem,
1290 4063 1348 4110 in
1400 4079 1509 4128 qua
1561 4063 1752 4114 eadem
1807 4081 1896 4116 res
1948 4065 2288 4130 referantur,
2341 4065 2409 4116 de
2463 4066 2534 4118 iis
2586 4067 2774 4118 deere-

492 4145 673 4195 turam
711 4159 851 4194 esse.
980 4143 1067 4208 38)
1116 4139 1453 4212 βουλεύσητε
1490 4147 1645 4198 Pal2.
1683 4147 1739 4214 β.
1779 4171 1837 4186 -·—
1877 4145 2242 4215 βουλεύσεται
2282 4150 2444 4203 Barb.
2573 4151 2661 4214 39)
2701 4143 2772 4218 δὴ

492 4227 660 4280 Barb.

630 4329 728 4384 25.
774 4328 825 4394 1)
862 4325 1153 4398 βούλευμα
1190 4332 1292 4385 eod
1328 4348 1371 4384 ε.
1477 4333 1530 4397 2)
1570 4326 1822 4400 ἔγραφεν
1855 4335 2028 4404 Aug4.
