3084 4938
1287 355 1709 405 PRAEFATIO.
2580 361 2680 408 vn

351 514 524 574 matis
567 513 840 573 Francos.
887 531 1176 574 annorum
1228 517 1687 579 1841—1845.
1735 517 1796 574 in
1842 514 2041 575 Museo
2086 515 2353 576 Rhenan.
2392 521 2572 583 1842.
2622 527 2679 578 et

349 617 412 674 in
459 615 613 676 Diar.
660 615 856 694 Antiq.
907 618 1063 680 1851
1113 612 1224 675 Nris
1269 620 1350 681 30
1395 633 1480 695 sq.
1531 617 1821 694 imprimis
1866 635 1923 695 p.
1972 621 2096 682 243
2143 636 2271 697 sqq.

521 715 748 776 Omissa
805 724 944 776 sunt
995 715 1344 776 documenta
1400 715 1657 796 plurima
1702 719 1762 777 in
1808 718 1994 795 Augl.
2043 717 2263 788 Vindl,
2312 720 2410 798 qui
2457 719 2679 781 habent

349 816 474 876 sola
520 817 624 898 55.
672 820 772 881 29.
822 820 920 883 38.
968 822 1066 882 39.
1115 823 1215 884 54.
1264 823 1363 884 73.
1412 823 1510 882 75.
1604 818 1813 880 Omnia
1860 819 2057 879 omisit
2101 838 2173 898 pr
2219 819 2359 880 Urb.
2422 819 2678 882 Deerant
2755 843 2771 858 ·

351 921 526 980 etiam
581 919 644 978 in
679 917 1024 996 'exemplari
1083 918 1284 988 Lind.,
1341 921 1440 997 qui
1496 918 1648 980 liber
1706 922 1787 979 sic
1834 926 2176 980 annotatum
2224 921 2430 982 habet:
2478 922 2676 984 τοῦτο

349 1012 426 1080 vd
467 1015 780 1098 ψήφισμα
829 1017 1041 1080 λείπει
1095 1014 1171 1080 ἐν
1227 1019 1524 1102 παλαιῷ,
1584 1014 1733 1080 ἀλλ’
1775 1019 1989 1100 ἔχεται
2040 1016 2117 1081 ἐν
2167 1019 2413 1100 σελίδι,
2457 1015 2675 1102 ὥςπερ

350 1115 562 1182 ἄλλου
615 1114 798 1192 τινὸς
845 1114 1368 1199 ἀναγνώσκεται.
1458 1121 1679 1182 Eadem
1726 1121 1901 1182 verba
1949 1124 2007 1182 in
2053 1123 2167 1183 hoc
2212 1123 2415 1184 codice
2462 1124 2533 1184 de
2580 1144 2674 1185 re-

351 1223 524 1302 liquis
581 1221 949 1282 documentis
1007 1221 1302 1300 leguntur.
1405 1223 1592 1283 Etiam
1654 1225 1710 1284 Y
1764 1222 2044 1284 nonnulla
2106 1223 2209 1302 (cl'.
2269 1226 2324 1304 S.
2374 1230 2452 1292 38
2510 1227 2670 1307 sqq.)

348 1327 410 1384 in
443 1326 560 1384 ima
602 1325 816 1404 pagina
862 1325 1072 1402 posuit.
1138 1324 1220 1384 De
1265 1325 1324 1384 lc.
1371 1342 1418 1385 S.
1464 1323 1766 1384 codicibus
1810 1323 2116 1384 Bekkerus
2160 1325 2233 1385 ad
2279 1325 2411 1386 Cor.
2460 1327 2524 1406 3.
2572 1334 2671 1396 77,

351 1425 455 1486 ubi
499 1423 742 1504 epistola
788 1423 1030 1504 legitur,
1080 1426 1406 1487 annotavit:
1454 1424 1809 1504 ‘Epistolam
1842 1427 1902 1485 in
1948 1427 2215 1504 margine
2260 1429 2429 1506 ponit
2469 1429 2528 1500 Is,
2576 1447 2672 1489 om

348 1547 406 1597 S,
455 1527 554 1606 qui
601 1527 813 1588 ceteris
857 1545 1092 1605 quoque
1135 1526 1192 1586 id
1241 1545 1427 1605 genus
1485 1529 1630 1586 actis
1688 1531 1894 1586 caret?
1985 1527 2113 1588 Non
2170 1530 2411 1589 omnino
2460 1539 2669 1592 carent

349 1631 392 1689 ii
436 1627 570 1689 libri
617 1626 1004 1688 documentis.
1082 1646 1216 1688 nam
1263 1627 1376 1688 vid.
1422 1645 1542 1688 var.
1591 1626 1724 1688 lect.
1772 1627 1845 1688 ad
1890 1628 2003 1708 33.
2053 1633 2153 1695 54.
2203 1635 2303 1696 73.
2353 1636 2492 1696 105.
2528 1638 2670 1698 164.

353 1735 496 1796 167.
546 1733 684 1796 183.
773 1729 860 1790 Ad
906 1731 1089 1808 ipsam
1137 1728 1202 1809 3.
1252 1736 1332 1794 77
1377 1729 1533 1789 idem
1581 1729 1670 1788 vir
1715 1728 2085 1789 doctissimus
2130 1730 2291 1790 dedit
2333 1733 2672 1794 varietatem

352 1831 618 1892 lectionis
664 1849 736 1891 ex
782 1831 872 1892 his
914 1830 1122 1891 iisdem
1169 1829 1370 1900 libris,
1417 1830 1475 1891 id
1523 1839 1640 1900 est,
1686 1831 1736 1890 si
1781 1831 1920 1909 quid
1968 1830 2162 1902 vide0‚
2212 1850 2243 1892 e
2288 1833 2673 1911 marginibus„

352 1934 463 1993 nisi
518 1931 664 1994 alius
721 1949 892 1992 error
947 1941 1035 1992 est
1087 1933 1147 1991 in
1204 1932 1495 1993 Bekkeria
1550 1933 1948 1992 annotatione.
2000 1967 2081 1975 —
2137 1931 2277 1998 Pal2
2325 1935 2523 1994 omisit
2564 1953 2673 2014 po-

351 2035 600 2096 steriora
647 2034 1000 2094 documenta
1043 2041 1178 2113 post
1220 2034 1286 2114 3.
1333 2037 1432 2099 90.

519 2134 670 2196 Fals.
741 2135 1048 2214 legationis
1102 2138 1459 2206 orationem,
1519 2154 1876 2216 quamquam
1934 2135 2268 2207 confusam,
2327 2136 2672 2216 reliquimus

351 2241 414 2298 in
461 2237 675 2298 tradito
721 2237 960 2304 ordine;
1006 2236 1110 2296 sed
1157 2236 1450 2316 quomodo
1483 2235 1762 2297 disiectae
1791 2245 1992 2316 partes
2022 2239 2241 2298 rectius
2272 2237 2672 2317 disponendae

351 2342 470 2400 sint
513 2357 896 2400 numerorum
940 2339 1123 2415 signis
1169 2337 1521 2418 lacunasque
1568 2338 1951 2399 indicavimus
1992 2347 2314 2417 praeeunte
2361 2339 2675 2420 Spengelio

355 2443 477 2502 viro
525 2439 878 2509 clarissimo,
926 2440 1026 2518 qui
1069 2446 1205 2519 post
1235 2439 1603 2501 Fridericum
1635 2439 1951 2502 Frankium
2000 2448 2059 2501 et
2088 2439 2409 2501 Arnoldum
2457 2441 2672 2503 Schae·

351 2544 542 2605 ferum
573 2545 731 2602 viros
761 2541 1097 2621 praeclaros
1129 2544 1470 2620 nuperrime
1499 2542 1561 2600 in
1588 2541 1788 2601 Museo
1818 2542 2005 2603 Rhen.
2032 2541 2243 2604 ‘LXVI
2276 2562 2375 2623 pp.
2397 2548 2517 2608 552
2543 2562 2671 2625 sqq.

353 2646 426 2705 de
470 2645 582 2705 hac
627 2662 694 2703 re
740 2643 1176 2703 accuratissime
1224 2642 1553 2721 disputavit.
1616 2644 1835 2703 Locum
1880 2642 1995 2724 55.
2030 2648 2398 2712 332-340,
2444 2646 2545 2724 qui
2574 2644 2675 2705 ubi

355 2765 514 2807 nunc
556 2745 769 2823 legitur
812 2762 1132 2822 suspensus
1176 2752 1290 2813 est,
1348 2746 1506 2805 inter
1551 2744 1665 2825 55.
1718 2750 1832 2810 101
1882 2753 1942 2805 et
1989 2748 2107 2810 102
2155 2744 2497 2825 ponendum
2543 2763 2671 2807 esse

355 2866 462 2908 nos
517 2847 752 2927 quidem
812 2863 1140 2911 censemus,
1230 2864 1364 2905 nam
1422 2844 1522 2906 illo
1581 2847 1769 2927 capite
1827 2844 2001 2925 (quod
2047 2844 2113 2925 5.
2165 2851 2285 2911 101
2331 2846 2555 2921 linitur)
2601 2846 2675 2907 de

352 2967 498 3029 pace
552 2966 660 3027 per
715 2950 1105 3027 imperatores
1157 2946 1344 3007 malos
1398 2945 1551 3007 male
1618 2948 1932 3008 constituta
1999 2955 2194 3007 actum
2262 2953 2418 3016 erat,
2488 2946 2673 3007 altero

351 3056 548 3125 autem
595 3048 724 3109 loco
773 3048 920 3129 (33.
968 3048 1354 3127 332—340)
1414 3050 1607 3126 agitur
1652 3048 1725 3108 de
1771 3048 2048 3118 Charete,
2109 3050 2208 3128 qui
2256 3046 2475 3109 bellum
2520 3048 2673 3110 male

355 3158 646 3229 gesserat,
694 3158 752 3211 et
795 3150 867 3210 de
898 3149 1217 3219 Aeschine,
1265 3151 1366 3229 qui
1408 3168 1552 3209 voce
1596 3169 1700 3210 sua
1746 3149 1820 3210 ad
1862 3148 2223 3229 reipublicae
2255 3149 2674 3212 detrimentum

355 3252 720 3313 abutebatur.
810 3252 972 3312 Bene
1027 3253 1206 3329 igitur
1259 3250 1530 3331 procedit
1584 3252 1871 3311 sententia
1930 3251 2002 3311 ad
2048 3250 2164 3331 33.
2214 3257 2334 3317 102
2382 3270 2529 3331 sqq„
2576 3252 2679 3312 ubi

355 3355 550 3414 omnia
593 3354 822 3433 perdita
867 3372 996 3413 esse
1041 3371 1149 3433 per
1194 3361 1458 3413 oratores
1503 3352 1714 3424 malOS‚
1762 3352 2113 3413 Aeschinem
2162 3345 2476 3431 εὔφωνον
2521 3354 2675 3414 eius·

355 3474 468 3535 que
512 3457 722 3517 socios.
811 3456 1032 3516 Deinde
1085 3456 1539 3535 praeoccupatio
1585 3454 1701 3535 33.
1753 3458 2137 3524 134—149,
2187 3472 2305 3513 non
2348 3453 2677 3515 timendum

357 3576 512 3624 esse.
560 3576 636 3617 ne
680 3556 933 3636 Philippi
986 3558 1290 3617 inimicitia
1355 3565 1561 3617 contra
1607 3556 1866 3618 Athenas
1912 3557 2210 3616 exoriatur
2242 3574 2328 3633 ,ex
2374 3556 2677 3617 Aeschinis

357 3659 878 3728 condemnatione,
939 3659 1158 3737 optime
1216 3658 1547 3719 adnectitur
1603 3658 1675 3718 ad
1735 3666 1910 3736 caput
1968 3657 2033 3737 5.
2081 3661 2203 3723 233
2261 3658 2507 3727 finienS‚
2576 3658 2677 3720 ubi

355 3760 702 3821 Aeschinem
748 3778 876 3821 esse
922 3760 1435 3821 condemnandum
1483 3760 1815 3838 exponitur.
1907 3757 2168 3839 Denique
2217 3777 2335 3819 non
2382 3762 2673 3839 persuasit

357 3862 498 3921 mihi
542 3861 891 3942 Spengelius
943 3860 1267 3941 perhibens
1323 3861 1528 3921 deesse
1585 3861 1868 3921 orationis
1914 3860 2107 3920 linem.
2196 3860 2510 3921 Conclusio
2558 3860 2674 3941 33.

358 3968 712 4030 341-343
767 3962 938 4024 nobis
981 3962 1218 4043 quidem
1265 3980 1384 4023 non
1431 3961 1717 4041 displicet.
1780 3962 1874 4023 Sic
1918 3963 2096 4041 igitur
2142 3962 2503 4042 disponenda
2552 3980 2683 4023 ora-

357 4064 499 4125 tioni
545 4064 874 4143 fragmenta
922 4082 1050 4125 esse
1093 4062 1394 4125 videntur:

461 4166 501 4227 1.
549 4164 666 4246 33.
717 4170 984 4231 1—101.

439 4266 507 4327 11.
556 4267 671 4347 55.
721 4271 1076 4335 332-340.

419 4366 515 4429 ΙΙΙ.
563 4367 678 4450 55.
727 4372 1082 4437 102-133.
