3084 4938
784 387 1228 430 Dmaosvmxls
1262 388 1499 431 ORATIO
1532 390 1618 430 DE
1650 388 1915 431 CORONA-
2405 374 2488 435 63

236 536 363 610 ταῖν
410 536 562 629 μετὰ
614 533 887 610 ταῦται*
944 536 1106 628 μηδ’
1156 540 1642 630 αἰσθάνεσθαι,
1702 536 1851 611 ἀλλ’
1905 544 2090 611 ἐᾶσαι
2147 538 2365 611 πάντα
2409 538 2489 612 τὰ

236 638 541 730 πράγματ’
582 644 841 711 ἐκεῖνον
886 635 1010 729 ὑφ’
1052 644 1272 735 ἑαυτῷ
1316 640 1742 730 ποιήσασθαι.
1829 646 1892 725 ἐξ
1931 632 2027 713 οἷν
2059 656 2204 723 ταῖς
2238 641 2484 731 παρού-

236 738 430 823 σαιςῙό
462 758 836 831 συμφοραῖς
869 747 941 812 οἱ
968 750 1375 833 ταλαίπωροι
1415 751 1700 831 Θηβαῖοι
1735 739 2154 835 κέχρηνται.16
2233 743 2374 834 (41)
2415 740 2486 815 ‘0
2518 774 2569 813 ’.νο

232 960 401 1033 digere
438 969 761 1035 potestatem
805 969 1139 1035 paterentur.
1211 961 1355 1016 umlc
1396 961 1616 1022 accidit,
1663 970 1725 1017 ut
1765 964 1949 1019 miseri
1977 962 2212 1019 Thebani
2245 965 2300 1019 in
2331 980 2484 1037 prae-

234 1045 456 1101 sentibus
484 1044 883 1103 calamitatibus
914 1052 1216 1101 versentur.
1277 1044 1385 1117 (⁴1)
1418 1045 1581 1101 lstius
1613 1054 1792 1103 autem
1821 1046 1945 1103 fidei
1975 1049 2294 1103 conciliator
2323 1056 2485 1122 atque

232 1326 341 1361 nem
371 1311 630 1377 aliosque,
668 1317 728 1361 ut
762 1311 951 1359 mirum
988 1311 1061 1360 sit
1094 1310 1336 1375 potuisse
1376 1310 1519 1360 viros
1556 1310 1746 1361 doctos
1783 1312 1838 1360 in
1877 1328 1943 1361 ea
1981 1329 2184 1363 errare.
2222 1340 2287 1349 —
2325 1314 2410 1363 Cf.
2441 1314 2479 1364 f.

233 1395 331 1461 leg.
371 1397 417 1457 5.
468 1396 555 1446 19:
604 1387 733 1446 εἷπε
777 1388 841 1445 δὲ
887 1390 1181 1452 τοιούτους
1229 1386 1431 1459 λόγους
1464 1431 1477 1445 .
1518 1428 1531 1443 .
1573 1430 1584 1441 .
1622 1384 1769 1451 ὦςθ’
1804 1384 2064 1455 ἅπαντας
2109 1388 2260 1463 ὑμᾶς
2297 1391 2485 1463 λαβὼν

231 1468 419 1543 dileto:
453 1480 793 1531 Reiskius.
866 1479 973 1529 Pro
1010 1472 1093 1535 εἰς
1128 1472 1191 1528 τὸ
1228 1476 1456 1542 Seagar.
1493 1478 1650 1527 Diar.
1689 1476 1864 1529 Class.
1903 1481 2030 1531 LIIl
2057 1498 2110 1546 p.
2138 1480 2198 1529 51
2243 1482 2484 1531 coniecit

226 1552 368 1622 ὄςτε.
434 1562 677 1615 ‘Vellem
712 1564 771 1615 in
806 1563 963 1614 codd.
1001 1563 1295 1627 legeretur.
1368 1560 1613 1625 Vulgata
1649 1561 1864 1625 quidem
1888 1564 2022 1613 mihi
2045 1564 2134 1615 vix
2161 1564 2362 1628 placet,
2400 1566 2482 1615 vi·

228 1648 473 1714 deturque
511 1647 841 1698 Lambinum
886 1652 983 1698 aut
1014 1645 1280 1697 Morelum
1324 1644 1590 1707 movisse,
1635 1648 1698 1693 ut
1733 1638 1921 1701 λαβών
1955 1646 2012 1695 in
2049 1640 2238 1712 βαλὼν
2271 1653 2484 1698 mutan·

227 1729 343 1781 dum
376 1730 665 1783 censeret)
714 1731 973 1781 Schaef
986 1746 1155 1781 erus.
1226 1730 1299 1779 At
1334 1729 1620 1778 sententia
1655 1714 1798 1777 haec
1835 1733 1943 1777 est:
1992 1730 2323 1794 Progressus
2357 1731 2483 1781 Phi-

228 1816 394 1883 lippus
429 1816 666 1869 celerius
690 1816 985 1867 Thebanos
1011 1812 1435 1878 Thessalosque,
1477 1812 1655 1862 ‘velut
1689 1812 1850 1863 turbo
1886 1814 2068 1863 omnia
2107 1828 2290 1862 coram
2314 1828 2374 1865 se
2397 1850 2410 1863 .
2434 1850 2448 1864 .
2473 1850 2485 1863 .

227 1899 429 1951 rotans’
473 1900 717 1965 (Reiskii
762 1899 984 1963 verba),
1029 1900 1215 1964 rapuit
1259 1912 1582 1963 quocunque
1631 1896 1857 1947 volebat
1899 1898 2242 1961 praecipites
2288 1898 2346 1947 in
2391 1898 2482 1947 de-

230 1986 473 2035 mentiam
519 1990 577 2035 et
610 1984 944 2036 coecitatem
978 1989 1039 2032 ut
1074 1982 1337 2033 malorum
1372 1982 1479 2031 sibi
1516 1981 1918 2031 imminentium
1954 1981 2161 2031 nullum
2197 1983 2480 2048 praevide-

228 2074 355 2119 rent.
424 2069 507 2119 cf.
547 2070 739 2119 Chers.
778 2072 828 2131 ξ.
864 2066 956 2117 62:
1007 2062 1321 2125 Θετταλούς
1366 2057 1546 2115 πολλοὶ
1597 2061 1734 2123 δούς
1771 2056 2080 2131 ἔπηγάγετ’
2118 2061 2202 2125 εἰς
2237 2060 2342 2133 τὴν
2377 2064 2486 2117 νῦν

224 2151 509 2217 παροῦσαν
554 2149 847 2203 δουλείαν.
918 2152 1039 2201 Non
1074 2150 1389 2200 mutandum
1428 2156 1512 2199 est
1549 2145 1632 2207 εἰς
1665 2144 1730 2199 τὸ
1767 2150 1824 2198 in
1857 2142 2019 2211 ὥςτε,
2067 2152 2162 2201 sed
2201 2152 2482 2217 explican-

227 2237 359 2287 dum.
423 2254 547 2288 nam
586 2231 670 2295 εἰς
704 2228 767 2286 τὸ
805 2228 881 2301 μὴ
920 2237 1109 2285 ποιεῖν
1141 2254 1213 2281 ιτ·-
1244 2224 1378 2291 ὅςτε
1413 2227 1490 2299 μὴ
1528 2238 1734 2294 ποιεῖν,
1773 2242 1832 2283 ιιι
1857 2236 2101 2301 Xenoph.
2129 2236 2352 2287 Memor.
2379 2237 2481 2296 111,

226 2319 257 2369 6
286 2326 332 2385 ξ.
366 2323 413 2372 2.
480 2322 603 2373 vid.
641 2320 917 2369 Kuehner.
959 2320 1030 2369 ad
1066 2319 1239 2369 eiusd.
1277 2318 1487 2384 Expel.
1529 2318 1673 2380 Vffl,
1711 2318 1744 2367 8
1779 2321 1824 2381 §-
1861 2319 1945 2369 20.
2077 2320 2158 2384 14)
2195 2319 2306 2371 τῶν
2339 2314 2482 2387 μετὰ

228 2438 395 2491 ταῦτα
428 2436 686 2505 προορᾶν
720 2438 889 2505 Augl.
928 2438 979 2490 k.
1016 2453 1061 2490 s.
1097 2435 1291 2488 Vindl.
1330 2436 1495 2486 Barb.
1534 2436 1689 2487 Pal2.
1729 2437 1942 2489 Ambr3.
2021 2420 2038 2433 ’
2079 2439 2156 2502 15)
2195 2403 2486 2505 παρουσαῖ

226 2523 289 2588 Σ,
325 2540 359 2576 ο
392 2527 459 2576 ab
494 2527 615 2590 ipso
652 2523 997 2589 calligrapho
1034 2521 1461 2587 superscriptum
1498 2527 1600 2583 est,
1640 2522 1861 2571 scilicet
1897 2523 1952 2572 in
1976 2523 2084 2574 fine
2110 2523 2290 2574 lineae
2318 2531 2373 2574 et
2397 2541 2482 2577 se·

226 2615 415 2672 quente
449 2624 481 2662 σ
514 2608 747 2674 proximi
782 2606 1060 2660 vocabuli.
1169 2603 1252 2668 16)
1290 2601 1636 2666 ταλαίπωροι
1664 2603 1910 2672 Θηβαῖοι
1945 2603 2244 2674 κέχρηνται
2273 2611 2481 2661 Βαυτδ.

224 2693 365 2759 vulg.
402 2722 457 2732 —
495 2693 617 2746 ταλ.
654 2707 809 2758 κεχρ.
836 2689 1085 2756 Θηβαῖοι
1118 2689 1293 2755 Augl.
1328 2690 1379 2738 lc.
1404 2705 1449 2740 8.
1478 2691 1670 2740 vindi.
1697 2691 1852 2741 Pam.
1879 2693 2092 2742 Ambr3.
2135 2720 2189 2728 —
2235 2691 2481 2758 Θηβαῖοι

226 2792 305 2828 om
342 2776 408 2832 Σ.
478 2779 597 2828 ‘Sic
634 2778 803 2828 etiam
838 2773 1095 2826 Thessali
1130 2773 1499 2839 intelligendi.
1571 2775 1677 2826 Sed
1714 2790 1854 2840 quae
1893 2779 2149 2828 continuo
2186 2784 2485 2841 sequuntur

226 2861 289 2912 de
324 2862 643 2913 calamitate
679 2861 1082 2921 Thebanorum,
1120 2863 1374 2924 arguunt,
1414 2859 1622 2924 opinor,
1663 2869 1933 2912 oratorem
1969 2863 2022 2916 h.
2048 2863 2086 2911 1.
2115 2859 2362 2928 Θηβαῖοι
2389 2863 2482 2912 ad-

226 2945 459 2998 didisse.’
512 2946 943 2998 Schaeserus.
1016 2945 1149 2994 Cum
1203 2943 1308 2992 hoc
1356 2945 1704 2994 consentiunt
1747 2946 1966 2996 Dissen.
2018 2953 2074 2996 et
2117 2946 2365 2996 Dindorf.
2413 2947 2487 2996 At

228 3028 402 3080 ‘huius
442 3030 918 3096 interpretamenti
960 3029 1062 3078 hoc
1100 3042 1311 3093 quoque
1350 3027 1609 3078 indicium
1647 3033 1750 3092 est,
1787 3031 1931 3095 quod
1969 3027 2215 3096 Θηβαῖοι
2249 3046 2358 3082 non
2395 3047 2484 3082 eo·

225 3113 345 3164 dem
375 3117 431 3165 in
464 3116 716 3166 omnibus
752 3114 1035 3164 codicibus
1070 3112 1191 3162 loco
1226 3111 1461 3177 ponitur.
1534 3113 1650 3162 Nec
1673 3128 1816 3163 vero
1841 3116 2125 3180 quisquam
2153 3129 2354 3174 eorum,
2393 3118 2485 3180 qui

226 3199 543 3263 audiebant,
590 3197 889 3250 Thessalos
934 3213 999 3248 eo
1046 3213 1151 3262 quo
1188 3196 1483 3246 Thebanos
1529 3196 1712 3246 animo
1750 3197 2043 3253 intellexit.
2113 3200 2300 3251 horum
2339 3201 2482 3250 enim

227 3285 466 3336 condicio
516 3299 581 3336 eo
625 3289 867 3349 tempore
912 3297 1017 3345 quo
1062 3283 1242 3332 oratio
1278 3281 1616 3344 habebatur,
1663 3296 1771 3330 non
1807 3297 1991 3359 aeque
2021 3291 2142 3334 erat
2177 3287 2380 3334 misera
2417 3301 2485 3334 ac

227 3365 595 3420 Thebanorum
621 3404 636 3418 .
660 3403 677 3420 .
704 3405 715 3417 .
764 3368 879 3418 Nec
923 3372 1110 3418 tamen
1156 3367 1333 3415 minus
1372 3365 1440 3414 ad
1478 3364 1602 3414 illos
1637 3379 1848 3429 quoque
1885 3366 2128 3430 pertinet
2161 3367 2486 3416 vocabulum

226 3451 577 3518 ταλαίπωροι.
648 3467 775 3502 nam
820 3453 1051 3517 primum
1099 3454 1283 3500 orator
1328 3449 1513 3498 addito
1558 3450 1772 3499 nomine
1813 3445 2061 3515 Θηβαῖοι
2096 3450 2484 3516 significasset,

229 3535 499 3590 Thebanis
534 3537 770 3603 quidem,
808 3537 949 3601 quod
983 3534 1237 3600 Philippo
1274 3550 1333 3584 se
1371 3535 1758 3596 tradidissent,
1795 3533 1940 3584 male
1977 3535 2248 3598 evenisse,
2287 3541 2347 3586 at
2381 3551 2488 3586 non

229 3618 519 3686 Thessalis,
556 3622 613 3672 id
650 3621 790 3687 quod
824 3621 1056 3671 oratoris
1094 3619 1321 3670 consilio
1360 3623 1709 3684 repugnaret.
1781 3619 1996 3670 Deinde
2034 3619 2132 3668 bos
2169 3635 2378 3686 quoque
2404 3622 2486 3672 ni-

229 3701 302 3754 hil
332 3707 437 3757 nisi
472 3706 731 3756 damnum
768 3721 798 3756 e
820 3705 1069 3770 Philippi
1104 3706 1377 3756 societate
1414 3703 1632 3767 cepisse
1671 3717 1840 3767 saepe
1879 3709 2064 3754 orator
2087 3705 2242 3756 dicit.
2267 3707 2407 3756 Phil.
2433 3709 2487 3758 11

231 3787 273 3847 6.
307 3789 383 3841 22.
430 3791 576 3844 Phil.
612 3791 697 3840 111
730 3793 781 3852 §-
816 3788 899 3839 26.
946 3785 1046 3855 [ef.
1084 3788 1261 3840 locum
1296 3791 1463 3838 notae
1508 3785 1567 3836 13
1605 3785 1982 3854 adscriptumJ.
2053 3791 2257 3852 Quodsi
2304 3801 2485 3843 autem

231 3871 273 3930 5.
306 3874 367 3924 41
400 3889 579 3926 sermo
619 3878 707 3924 est
740 3874 807 3924 de
842 3874 961 3924 sola
995 3873 1379 3924 Thebanorum
1416 3870 1754 3934 calamitate,
1790 3889 2013 3938 prorsus
2048 3875 2162 3926 alia
2195 3875 2304 3927 loci
2345 3878 2487 3928 ratio

237 3962 335 4020 est,
379 3960 631 4010 oratione
680 3958 751 4008 ad
784 3957 1114 4008 Aeschinem
1161 3955 1521 4006 accomodata
1561 3962 1616 4004 et
1651 3973 1900 4024 causam,
1949 3966 2166 4025 propter
2201 3977 2362 4026 quam
2398 3962 2488 4010 bic

234 4041 421 4094 malam
462 4047 671 4094 sortem
718 4039 933 4092 illorum
978 4043 1467 4092 commiseraretur.
1536 4041 1708 4090 Paulo
1753 4047 1878 4108 post
1917 4045 1984 4106 (ξ.
2021 4045 2108 4108 43)
2145 4046 2320 4096 denuo
2359 4061 2488 4094 con·

235 4121 517 4191 iunguntur
553 4121 830 4178 Θετταλοὶ
866 4122 963 4176 καὶ
1001 4123 1284 4191 Θηβαῖοι]
1322 4127 1658 4178 Reuterus
1693 4129 1882 4194 Progr.
1922 4129 2238 4193 straubing.
2279 4128 2406 4178 1841
2433 4145 2486 4192 p.

236 4205 327 4260 Vn
350 4226 429 4276 sq.
498 4211 651 4260 Satis
686 4209 951 4274 probatur
985 4211 1168 4272 verbis
1202 4213 1329 4271 ταῖς
1364 4207 1760 4276 παρούσαις
1796 4215 2120 4277 συμφοραῖς
2145 4216 2202 4260 et
2224 4217 2340 4262 toto
2365 4227 2488 4262 sen-

238 4292 427 4344 tentiae
464 4297 731 4346 contextu
764 4295 1133 4346 necessarium
1168 4312 1290 4348 esse
1328 4293 1608 4370 Θηβαῖοι,
1645 4297 1786 4360 quod
1809 4297 2003 4360 ,igitur-
2026 4295 2212 4345 delere
2246 4297 2490 4347 Wester-
2581 4341 2598 4362 ‚

238 4385 415 4427 manus
446 4393 555 4428 non
592 4376 853 4428 debebat.

2557 1280 2586 1423 l

2585 4239 2594 4290 1
