3084 4938
678 417 1119 461 Dertosa-neme
1153 421 1250 461 on.
1285 420 1367 460 nn
1397 421 1599 460 masii
1628 421 2008 462 LEeAmox-m.
2374 405 2495 468 627

433 575 658 642 Ταῦτα
691 573 815 662 μὲν
853 575 926 642 ἐν
963 571 1150 666 δήμῳ
1185 577 1536 663 στρέφεται
1574 573 1765 661 κακά,
1801 578 1937 645 ταῖν
1974 575 2050 644 δὲ
2085 578 2419 663 πενιχροῖν

526 667 929 744 ἱκνοῦνται50
964 678 1194 746 πολλοὶ
1230 692 1433 763 γαῖαν
1471 671 1589 757 ἐςόι
1631 673 2017 764 ἀλλοδαπήν

422 769 874 864 πραθέντες,52
911 781 1218 866 δεσμοῖσί
1249 774 1312 847 τ’
1349 774 1733 848 ἀεικελίοισι
1746 771 1795 812 ⁵³
1834 782 2147 860 δεθέντες
2160 771 2209 810 ⁵⁴

348 902 398 942 2⁵
527 875 835 965 πάγκακα
873 877 1287 967 δουλοσύνης
1324 877 1486 968 ζυγὰ
1521 883 1804 971 φέρουσι
1841 874 2039 972 βι’ᾳ.“’5

429 974 625 1048 Οὕτω
663 977 984 1069 δημόσιον
1019 978 1226 1052 κακὸν
1263 989 1520 1071 ἔρχεται
1556 975 1842 1052 οἴκαδ’56
1880 980 2168 1076 ἕκαστῳ,

524 1165 667 1222 Haec
697 1168 906 1240 agitant
935 1168 1199 1242 populum
1231 1169 1365 1225 mala
1399 1168 1464 1225 de
1495 1169 1655 1225 turba
1686 1171 2009 1226 miscrorum

623 1252 1115 1326 circumpelluntur
1142 1251 1343 1309 finibus
1374 1271 1402 1308 e
1433 1255 1667 1327 patriae,

523 1334 680 1391 multi
713 1339 880 1409 empti
913 1337 1175 1400 mercede,
1209 1347 1263 1394 et
1293 1339 1500 1395 vincula
1533 1339 1668 1394 dura
1698 1347 1980 1411 gerentes,

417 1427 466 1468 25
596 1422 834 1493 pessima
863 1423 1069 1478 servitii
1099 1425 1203 1479 iam
1233 1425 1360 1495 iuga
1392 1425 1441 1478 vi
1474 1422 1725 1480 tolerant.

521 1503 742 1562 Publica
775 1509 851 1562 sic
883 1508 1085 1564 intrant
1117 1509 1360 1582 privatos
1391 1508 1581 1565 damna
1611 1517 1864 1582 penates,

224 1735 318 1786 Sic
367 1752 538 1786 causa
581 1737 972 1803 praecedentis
1018 1740 1240 1790 distichi
1277 1739 1535 1792 redditur.
1586 1757 1820 1808 namque
1860 1759 1926 1792 ex
1964 1741 2264 1793 insolentia
2302 1744 2501 1794 factio-

223 1835 322 1872 nes
361 1825 416 1870 et
451 1820 608 1872 bella
655 1822 848 1872 civilia
895 1825 1227 1875 exoriuntur.
1349 1823 1446 1890 50)
1496 1819 1791 1877 ἱκνεῦνται
1839 1826 2224 1877 Schneidewin
2269 1827 2336 1879 de
2384 1845 2502 1880 suo.

219 1929 288 1940 —-
324 1898 622 1956 ἱκνοῦνται
658 1907 832 1956 ParP.
927 1907 1014 1972 51)
1053 1903 1136 1967 εἰς
1158 1907 1358 1959 Laur8.
1455 1909 1540 1972 52)
1567 1905 1933 1974 παραθέντες
1957 1929 2020 1976 pr
2041 1909 2120 1965 Ω.
2160 1911 2245 1962 cf.
2272 1913 2497 1978 Fragm.

219 1989 470 2050 XXXVI,
507 1989 540 2038 5
575 2005 659 2054 sq.
697 1991 906 2056 Bergk:
945 1986 1207 2056 πρόσθεν
1245 1987 1310 2050 δὲ
1336 1989 1691 2045 δουλεύουσα
1727 1995 1868 2058 (scil.
1897 1995 2021 2062 Γῆ),
2063 1995 2171 2047 νῦν
2198 1988 2496 2061 ἐλευθέρα.

219 2066 464 2132 πολλοὺς
511 2064 574 2124 δ’
615 2067 858 2140 Ἀθήνας
907 2069 1152 2140 πατρίδ’
1199 2073 1282 2138 εἰς
1328 2069 1634 2129 θεόκτιτον
1678 2069 1975 2145 οἷνήγαγον
2018 2077 2354 2145 πραθέντας
2391 2089 2503 2133 etc:

219 2185 288 2194 —-·
321 2158 603 2209 Plutarch.
641 2157 824 2209 Solon.
867 2177 986 2226 cap.
1030 2161 1117 2212 13:
1169 2156 1228 2214 οἴ
1268 2155 1374 2228 μὲν
1410 2155 1589 2216 αὐτοῦ
1629 2164 1901 2228 (Athenis)
1940 2158 2309 2225 δουλεύοντες
2346 2161 2406 2218 οἷ
2441 2157 2503 2216 δ’

223 2235 317 2293 ἐπὶ
354 2237 514 2309 ξένῃ,
555 2237 1027 2310 πιπρασκόμενοι.
1177 2246 1264 2310 53)
1302 2237 1636 2298 αεικλείοισι
1676 2247 1739 2298 Φ.
1776 2266 1822 2299 r.
1861 2249 2059 2299 LaurS.
2100 2267 2165 2316 pr
2197 2251 2311 2300 Mal
2353 2252 2499 2315 (cor-

222 2328 364 2378 rexit
408 2327 568 2392 Chr).
615 2354 680 2362 ——
724 2318 1005 2380 οἷκελίοισι
1053 2331 1224 2381 ParP.
1375 2333 1472 2396 54)
1531 2327 1807 2392 δοθέντες
1855 2335 1915 2383 F.
1968 2333 2030 2383 Τ.
2085 2353 2133 2385 u.
2188 2353 2233 2385 υ.
2294 2337 2497 2386 VindS.

220 2411 306 2475 55)
353 2411 528 2462 ‘.Vers
565 2411 657 2461 hic
693 2413 858 2481 vulgo
896 2415 1068 2477 deest,
1109 2415 1392 2481 supplevit
1431 2417 1685 2483 Gottling
1726 2413 2273 2484 [Diar.Antiq.185o
2308 2421 2407 2471 No.
2435 2421 2501 2472 33

221 2514 274 2563 p.
313 2494 442 2563 264]
493 2514 561 2547 ex
609 2514 800 2565 apogr.
851 2497 1366 2564 Planud.(1riarte
1415 2500 2085 2569 Cod.Mat1-it.p.113):
2135 2502 2410 2555 Παίκακα
2448 2504 2498 2556 δ.

222 2574 361 2646 ζυγα
402 2599 464 2647 φ.
501 2579 619 2647 βία,
657 2584 802 2633 unde
839 2580 938 2634 καὶ
975 2600 1125 2634 κακα
1167 2582 1324 2635 δουλ.
1364 2578 1544 2653 συχνὰ
1594 2603 1654 2651 φ.
1694 2584 1792 2651 βίῃ
1838 2588 2087 2652 scripsit,
2141 2604 2243 2653 ego
2288 2586 2500 2654 στυγνὰ

223 2683 284 2731 φ.
323 2665 423 2733 βίᾳ
468 2668 745 2732 praetuli)
815 2667 1181 2733 BergkiuS.
1241 2670 1362 2720 Hoc
1409 2670 1572 2735 longe
1612 2673 1818 2721 certius
1871 2677 1955 2721 est
2001 2688 2163 2737 quam
2202 2690 2342 2739 quae
2381 2675 2501 2739 Syl·
2582 2680 2587 2686 '

221 2751 446 2817 burgius
501 2752 741 2802 coniecit
798 2753 1119 2803 inserenda:
1175 2743 1384 2813 ἄλλους
1432 2745 1487 2805 δ’
1546 2746 1835 2807 ἐνταυθοῖ
1880 2752 2200 2825 δουλοσύνη
2254 2753 2498 2823 κατέχει,

225 2840 282 2885 et
317 2851 476 2901 quam
515 2851 655 2900 quae
689 2836 934 2888 Bachius
974 2840 1290 2889 annotavit:
1332 2840 1634 2889 ‘Lacunam
1672 2840 1927 2906 supplere
1963 2842 2101 2893 licet
2140 2859 2167 2891 e
2204 2843 2351 2894 Plut.
2391 2844 2500 2895 Sol.

225 2936 346 2987 cap.
389 2919 466 2982 13,
506 2920 605 2969 ubi
641 2916 900 2971 carminis
935 2923 1110 2973 nostri
1147 2930 1526 2988 argumentum
1563 2927 1763 2989 partim
1804 2933 2116 2992 excerptum
2156 2932 2265 2977 est:
2302 2926 2502 2980 πολλοὶ

225 3000 290 3057 δὲ
325 3002 424 3057 καὶ.
471 3002 689 3063 παῖδας
734 2999 927 3065 ἰδίους
970 2998 1362 3072 ἠναγκάζοντο
1407 3010 1621 3060 πωλεῖν
1668 3010 1795 3060 etc.’
1870 3011 2099 3062 Scilicet
2134 3015 2385 3063 narravit
2420 3016 2500 3065 ibi

225 3107 337 3143 rem
382 3088 743 3152 Plutarchus,
789 3104 897 3139 non
944 3106 1168 3142 carmen
1215 3094 1475 3143 servavit.
1558 3094 1831 3159 Sauppius
1874 3094 2055 3146 literis
2099 3097 2499 3151 humanissime

225 3190 436 3226 mecum
473 3173 891 3224 communicatis
924 3174 1066 3225 haec
1104 3177 1352 3241 scripsit:
1403 3176 1571 3227 ‘Mihi
1608 3178 1869 3243 displicet
1902 3178 1997 3228 hic
2032 3195 2222 3231 versus
2259 3184 2499 3249 itemque

225 3258 644 3313 Schneidewino
691 3258 986 3326 Progymn.
1031 3259 1251 3311 Anthol.
1298 3260 1552 3311 Graecae
1598 3277 1651 3326 p.
1690 3263 1739 3311 4.
1788 3263 2051 3313 Lascaris
2104 3260 2289 3329 [cuius
2336 3284 2503 3318 manu

226 3346 316 3395 hic
352 3343 702 3395 Matritensis
739 3344 914 3395 codex
961 3346 1202 3411 scriptus
1240 3343 1354 3410 est]
1400 3361 1607 3396 memor
1652 3345 1817 3411 Soph.
1855 3348 1940 3399 Ai.
1976 3362 2057 3399 vs.
2094 3347 2195 3399 045
2242 3348 2340 3414 [Ξ
2372 3350 2498 3401 922ε

225 3423 366 3493 πρὸς
403 3422 500 3480 οἷα
538 3424 806 3488 δουλείας
841 3422 982 3495 ζυγὰ
1021 3427 1346 3497 χωροῦμεν]
1385 3434 1442 3479 et
1479 3430 1711 3480 aliorum
1746 3430 1991 3481 locorum
2030 3430 2158 3497 [vid.
2198 3434 2499 3486 Wellnuer.

223 3514 360 3566 Lex.
412 3512 671 3578 Aeschyl.
727 3530 772 3564 s.
821 3532 874 3565 v.
934 3512 1150 3579 Ζυγόν,
1207 3518 1379 3566 etiam
1434 3514 1559 3565 Cor.
1608 3519 1656 3579 §.
1704 3512 1828 3566 289:
1894 3510 2064 3582 ζυγὸν
2118 3512 2320 3583 αὐχένι
2374 3520 2499 3573 θεῖ-

225 3614 330 3650 σαν
366 3590 742 3665 δουλοσύνης]
783 3604 1186 3665 pentametrum
1233 3616 1561 3666 componere
1598 3602 1802 3665 potuit:
1852 3595 2125 3668 noc'yuoenoe
2165 3601 2321 3653 δουλ.
2362 3597 2500 3669 ζυγά

225 3679 350 3750 φέρ.
389 3681 505 3750 βίᾳ.
578 3684 699 3733 Iam
735 3684 1189 3735 Schneidewinus
1233 3686 1556 3737 observavit
1601 3686 2011 3751 frequentatum
2058 3702 2181 3738 esse
2226 3680 2501 3753 πάγκακα

225 3786 258 3819 a
290 3768 618 3833 Byzantinis
652 3770 832 3834 poetis
867 3785 971 3820 nec
1007 3772 1202 3821 mirum
1240 3777 1344 3835 est,
1383 3770 1526 3835 quod
1552 3772 1819 3821 Lascnris
1854 3788 1902 3843 υ,
1925 3772 2185 3823 vocabuli
2212 3769 2354 3837 ζυγοῖ
2382 3790 2500 3839 pro-

223 3854 464 3915 duxerit,
515 3867 678 3917 quum
716 3854 821 3903 hoc
858 3856 916 3903 in
951 3855 1308 3920 popularibus
1348 3854 1637 3920 (politicis)
1677 3857 1770 3921 qui
1806 3858 2061 3907 dicuntur
2094 3859 2349 3909 versibus
2386 3859 2501 3908 fiat.

225 3940 479 3990 Ceterum
526 3932 692 3987 etiam
729 3930 908 4003 λυγροὶ
945 3940 1302 3996 coniiciatur,
1353 3939 1536 4004 potius
1585 3956 1747 4005 quam
1784 3935 1965 4009 συχνοὶ
2013 3948 2069 3993 et
2105 3935 2359 4008 στυγνά.’
2432 3947 2505 3992 At

223 4016 491 4087 πάγκακα
511 4058 524 4084 ,
563 4022 620 4071 in
658 4038 761 4087 quo
795 4028 860 4073 ut
883 4024 1054 4074 toties
1091 4040 1112 4073 ι
1139 4028 1195 4074 et
1219 4040 1252 4089 γ
1279 4024 1547 4075 confusae
1574 4030 1720 4088 sunt,
1756 4042 1867 4077 non
1892 4026 2068 4077 solum
2097 4044 2129 4078 a
2153 4028 2499 4093 Byzantinis,

222 4110 318 4159 sed
353 4110 523 4159 etiam
562 4122 598 4157 a
630 4108 918 4161 veteribus
951 4110 1206 4175 usurpari
1243 4109 1407 4159 docet
1443 4110 1851 4175 Stephanianus
1875 4112 2209 4163 Thesaurus
2270 4115 2505 4179 Propter

223 4196 390 4244 ictum
417 4209 452 4243 a
477 4190 678 4242 Solone
703 4208 740 4241 υ
761 4194 1084 4258 productum
1113 4208 1236 4245 esse
1261 4194 1420 4244 nobis
1446 4194 1681 4244 videtur.
1720 4194 1828 4257 (Cf.
1854 4196 2041 4263 Eurip.
2070 4198 2237 4263 Hipp.
2263 4215 2341 4249 vs.
2372 4198 2505 4249 1130

223 4275 552 4345 νυμφίδια.)
590 4278 858 4329 Lasearis
890 4282 1076 4328 autem
1112 4278 1160 4328 si
1195 4277 1340 4328 hunc
1376 4293 1595 4329 versum
1621 4279 2007 4346 supplevisset,
2046 4282 2201 4332 nulla
2230 4284 2373 4333 ratio
2411 4300 2501 4334 co·

223 4364 388 4428 gitari
423 4368 640 4428 posset,
692 4378 790 4413 cur
833 4362 980 4412 idern
1025 4362 1374 4413 doctissimus
1416 4362 1679 4414 Lasearis
1724 4369 1941 4415 ceteras
1982 4366 2215 4417 lacunas
2250 4368 2503 4431 reliquis-

228 4452 328 4513 set,
366 4448 666 4511 mirumque
693 4450 859 4510 esset,
901 4448 1043 4512 quod
1067 4448 1332 4499 παίκακα
1357 4448 1603 4514 scripsit.
1698 4448 1785 4513 56)
1826 4447 1985 4518 ιοἴκῳ
2009 4454 2292 4502 Hermann
2319 4451 2500 4515 (Iahn.

1922 4535 2053 4602 40*

2532 704 2583 744 20
