3084 4938
648 364 829 404 ANON.
864 364 1004 403 ARG.
1040 364 1103 403 IN
1138 363 1445 403 DEMOSTH.
1480 363 1587 403 ΟΒ.
1622 364 1704 403 DI?-
1735 362 1930 403 FALSA
1965 362 2341 403 LEGATIONE.
2517 348 2632 411 391

366 515 722 589 πιστεύειν.
797 514 1040 585 σω’σειν
1096 544 1223 606 γαρ
1286 510 1529 596 αὐτους
1577 519 1663 605 τῇ
1706 508 1931 585 πόλει·εὖ
1945 518 2425 635 ἐπηγγείλατο.
2495 516 2637 606 (13)
2673 545 2725 587 25

366 622 497 691 Καὶ
533 623 658 689 τοῦ
690 619 815 709 μὲν
848 620 1173 707 προτέρου
1209 620 1415 687 ταῦτα
1450 615 1802 707 τεκμήρια,
1852 620 1974 686 τοῦ
2011 618 2085 687 δε
2123 621 2470 706 δευτέρου,
2520 623 2645 689 τοῦ

365 724 516 812 περὶ
552 750 687 791 των
726 717 997 807 δώρων,
1039 722 1109 788 ἐν
1148 748 1198 811 ῳ
1176 708 1605 808 δείκνυται,
1641 747 1740 789 οτι
1765 716 2066 808 χρήματα
2079 714 2398 808 ἐἴληφεν
2416 726 2640 811 Αἰσχί-

363 852 517 913 νης,
567 826 775 893 ταῦτα
821 818 1172 909 τεκμήρια,
1220 850 1319 890 ων
1364 815 1608 910 ὁμοίως
1653 817 1732 891 τὰ
1775 820 1900 909 μὲν
1949 824 2020 890 ἐκ
2055 822 2189 890 τῶν
2225 824 2642 911 παρειμένων

368 928 539 1014 ἐστί,
576 954 656 994 τα
695 924 768 993 δὲ
808 927 879 993 ἐκ
914 925 1049 992 τῶν
1084 926 1597 1011 πεπραγμένων;
1636 918 1717 992 οὐ
1753 938 1936 1011 μισεῖ
1971 930 2340 1012 Φίλιππον,
2378 919 2641 1014 καίπερ2

368 1027 803 1114 ἐξαπατηθεὶς
836 1020 956 1094 ὑπ’
998 1020 1239 1111 αὐτοῦ,
1290 1052 1378 1105 ως
1413 1044 1595 1113 φησι.
1662 1040 1938 1094 συνεῖπε
1977 1030 2288 1117 Φιλίππῳ
2323 1028 2641 1112 γενέσθαι
2676 1038 2777 1091 340

360 1125 808 1218 Ἀμφικτυόνα
824 1180 841 1213 ,
881 1128 1482 1215 πρεσβευσαμένων
1506 1128 1660 1214 περὶ
1685 1121 1896 1195 αὐτοῦ
1917 1119 2088 1195 ταῖν3
2118 1120 2638 1215 Ἀμφικτυόνων.

364 1228 679 1299 σύνεστιν
725 1225 828 1297 ἀεὶ
878 1226 1267 1317 Φιλοκράτει
1327 1225 1625 1318 χρήματα
1685 1224 1999 1316 εἰληφότι.
2074 1225 2475 1317 καλούμενος
2535 1231 2642 1299 ἐπὶ

364 1341 768 1421 μαρτυρίαν,
806 1325 1007 1419 ἡνίκα
1034 1324 1418 1418 Ὑπερίδης*
1458 1327 1820 1417 είςήγγειλε
1866 1325 2283 1417 Φιλοκράτην
2299 1325 2346 1418 ,⁵
2382 1324 2641 1421 παρώνεἰ
2675 1348 2699 1386 ⁵

364 1430 488 1504 οὐκ
537 1434 919 1521 ἐφθέγξατο.
991 1432 1483 1521 χειροτονηθεὶς
1541 1427 1954 1519 πρεσβευτὴς
2014 1432 2120 1500 ἐπὶ
2179 1428 2301 1519 τὴν
2363 1438 2641 1502 Φωκίδα

364 1532 527 1625 πρὸς
543 1542 882 1604 Φίλιππον
918 1536 1023 1602 ἐπὶ
1058 1550 1201 1614 ταῖς
1236 1527 1676 1621 ὑποσχέσεσιν
1711 1528 2081 1620 ἀρρωστεῖν
2103 1531 2637 1621 προςεποιήσατο.

363 1632 663 1707 ἁλόντων
701 1638 993 1705 Φωκέων
1046 1627 1242 1723 μετα7
1279 1632 1402 1722 την
1440 1638 1804 1725 ἐξωμοσίαν
1839 1629 2330 1725 ἄχειροτόνητος
2365 1632 2641 1723 πορεύε-

362 1767 503 1824 ται,
555 1734 665 1807 ὅτε
714 1738 822 1807 καὶ
872 1734 1300 1825 φυλαξασθαι
1348 1730 1553 1805 αὐτὸν
1609 1729 1854 1855 ἐχρῆν.8
1921 1739 2130 1805 ταῦτα
2186 1763 2267 1803 τα
2322 1735 2642 1826 τεκμήρια
2677 1754 2727 1795 ²⁰

362 1842 483 1909 τοῦ
531 1842 848 1927 δευτέρου
894 1835 1115 1927 λόγου.
1168 1834 1353 1909 ’Ἐστι
1414 1838 1488 1906 δὲ
1555 1834 1811 1907 τούτων
1869 1834 1942 1907 τὸ
1995 1832 2487 1927 ἰσχυρότατον,9
2532 1841 2643 1908 καὶ

362 1930 508 2010 οὗό
552 1938 833 2029 μάλιστα
880 1935 1248 2030 ἀντέχεται,
1296 1933 1338 2026 ἡ
1391 1942 1748 2028 ἐπαγγελία
1797 1932 1980 2009 καὶ’
1943 1968 1985 2027 η
2020 1934 2376 2028 ὑπόσχεσις
2413 1946 2642 2029 Αίσχί

360 2070 485 2112 νου
520 2036 560 2130 ἡ
598 2044 749 2131 περὶ
787 2048 1104 2129 Θηβαίων
1139 2044 1251 2111 καὶ
1289 2044 1598 2111 Φωκέων.

362 2262 420 2300 se
449 2244 577 2301 illos
608 2252 1053 2301 conservaturum
1088 2244 1205 2300 urbi
1240 2246 1597 2319 promisisset.
1659 2240 1762 2319 (13)
1797 2245 1872 2301 Ac
1903 2246 2105 2320 prioris
2135 2242 2468 2319 quaestionis
2513 2246 2644 2303 haec

362 2337 679 2402 argumenta
712 2336 869 2391 sunt,
901 2330 1226 2403 posterioris
1257 2336 1463 2390 autem,
1506 2328 1572 2383 de
1602 2329 2011 2401 largitionibus,
2057 2330 2182 2385 dum
2225 2330 2464 2386 ostendit
2493 2322 2644 2387 acce·

362 2416 507 2489 pisse
535 2416 855 2471 Aeschinem
887 2416 1194 2488 pecuniam,
1240 2416 1371 2469 haec
1400 2422 1752 2488 argumenta,
1785 2430 2016 2487 quorum
2051 2414 2176 2469 item
2208 2414 2308 2472 alia
2341 2430 2370 2469 e
2399 2423 2618 2489 praeter

362 2501 543 2555 missis
579 2501 747 2574 petita
779 2508 922 2561 sunt.
955 2499 1055 2556 alia
1086 2517 1117 2555 e
1148 2499 1337 2556 factis:
1384 2515 1490 2555 non
1521 2499 1636 2555 odit
1665 2498 1988 2572 Philippum,
2021 2517 2329 2574 quanquam
2361 2500 2426 2556 ab
2456 2517 2521 2556 eo
2553 2500 2642 2556 (le-

363 2592 583 2658 ceptus‚
627 2591 690 2639 ut
732 2586 823 2639 ait.
884 2585 1255 2657 patrocinatus
1298 2593 1384 2640 est
1414 2583 1692 2657 Philippo,
1725 2591 1786 2638 ut
1814 2585 2138 2657 Amphictyo
2170 2583 2350 2647 lieret,
2383 2601 2548 2659 quum
2581 2580 2651 2641 ea‘

362 2669 429 2724 de
470 2685 529 2725 re
571 2669 895 2740 legationem
940 2671 1044 2724 huc
1099 2670 1373 2725 misissent
1412 2667 1854 2742 Amphictyones
1931 2677 2192 2742 perpetua
2247 2669 2642 2726 consuetudine

361 2753 682 2810 Philocratis
711 2755 889 2809 utitur
918 2757 1161 2828 corrupti
1191 2753 1591 2826 largitionibus
1647 2752 1958 2827 postulatus
1988 2753 2052 2810 ad
2083 2754 2364 2810 dicendum
2396 2755 2643 2812 testimo·

254 2845 259 2865 ¹
362 2840 527 2899 nium.
553 2854 719 2912 quum
744 2837 1043 2912 Hyperides
1066 2838 1421 2895 Philocratem
1455 2838 1760 2900 detulisset,
1793 2855 2100 2912 quanquam
2131 2854 2404 2912 praesens,
2437 2855 2500 2894 os
2531 2855 2638 2895 non

362 2925 593 2996 aperuit.
668 2930 885 2979 creatus
928 2923 1139 2995 legatus
1180 2925 1233 2979 in
1266 2923 1551 2980 Phocidem
1595 2923 1658 2979 acl
1687 2922 1994 2996 Philippum
2039 2923 2104 2978 de
2133 2923 2637 2997 pollicitationibus,

364 3017 649 3080 aegrotare
682 3024 739 3062 se
771 3008 1060 3071 simulavit,
1093 3009 1265 3082 captis
1290 3007 1664 3064 Phocensibus
1695 3016 1825 3081 post
1853 3009 2224 3070 eim-ationem.
2259 3010 2376 3064 sine
2407 3010 2641 3064 auctori-

365 3099 474 3147 tate
506 3091 720 3166 publica
752 3100 837 3148 cst
864 3094 1161 3167 profectus.
1186 3111 1295 3166 quo
1320 3101 1566 3167 tempore
1587 3095 1747 3148 etiam
1778 3108 1966 3148 cavere
1996 3109 2116 3148 eum
2150 3093 2454 3167 oportebat.
2501 3092 2642 3150 Haec

361 3185 676 3250 argumenta
723 3187 851 3232 sunt
894 3178 1158 3234 secundae
1202 3179 1481 3234 orationis,
1553 3177 1698 3232 Inter
1737 3193 1797 3232 ea
1838 3184 2015 3233 autem
2063 3177 2430 3234 firmissimum
2473 3185 2642 3235 estet

361 3279 469 3334 quo
511 3263 737 3317 maxime
778 3265 999 3324 nititur.
1046 3264 1333 3336 promissio
1379 3271 1433 3317 et
1475 3261 1800 3335 pollicitatio
1840 3262 2120 3317 Aeschinis
2167 3257 2233 3318 de
2276 3262 2544 3320 Thebanis
2586 3270 2640 3318 et

358 3345 745 3402 phocensibus,

494 3545 551 3609 8)
590 3544 657 3613 τῇ
695 3539 856 3596 πόλει
892 3545 1048 3596 Bodl.
1078 3547 1213 3598 Ven.
1250 3547 1421 3597 AldV.
1457 3563 1500 3596 a.
1538 3545 1734 3596 Vindl.
1774 3547 1822 3596 7.
1862 3572 1924 3580 -—
1960 3543 2061 3610 τῆς
2095 3537 2309 3606 πόλεως
2343 3546 2464 3597 Ald.
2499 3547 2638 3598 Mor.

362 3657 427 3667 —-
465 3624 569 3690 τὰς
604 3625 798 3688 πόλεις
837 3631 1081 3680 coniecit
1116 3631 1361 3685 wolfius.
1403 3659 1464 3667 -
1505 3622 1676 3695 χάριν
1710 3629 1816 3696 τῆς
1852 3625 2064 3688 πόλεως
2098 3631 2220 3681 Fet.
2257 3631 2411 3683 Lesa.

494 3717 598 3771 13.
676 3714 721 3778 1)
773 3707 1033 3781 χρήματα
1081 3731 1167 3764 om
1218 3716 1432 3765 Aldetc.
1482 3743 1548 3750 —
1595 3715 1804 3764 habent
1836 3714 2200 3774 s.Vind1.‚7.
2339 3715 2391 3778 2)
2452 3707 2638 3780 ὥσπερ

358 3800 557 3850 Vindl.
665 3799 717 3863 3)
756 3790 943 3851 αὐτῶν
977 3799 1089 3848 τῶν
1123 3799 1245 3849 Ald.
1282 3827 1349 3835 -—
1386 3791 1575 3850 αὐτῶν
1609 3799 1732 3848 Fet.
1769 3799 1908 3850 Mor.
1943 3827 2012 3836 —-
2045 3789 2224 3852 αὐτοῦ
2256 3816 2300 3854 8.
2347 3829 2412 3837 —
2459 3795 2641 3853 αὐτοῦ

359 3883 471 3935 τῶν
506 3885 701 3934 Vindl.
738 3885 787 3934 7.
890 3883 941 3945 4)
988 3873 1299 3948 Ὑπερίδης
1343 3883 1475 3942 libri
1511 3898 1725 3937 omnes,
1773 3899 1933 3949 quam
1971 3885 2200 3935 formam
2235 3883 2444 3936 habent
2479 3885 2634 3936 codd.

358 3971 721 4034 posteriorum
782 3969 1121 4033 scriptorum.
1260 3968 1313 4030 5)
1376 3959 1712 4032 Φιλοκράτει
1745 3983 1788 4018 ε.
1925 3966 1978 4032 6)
2040 3962 2410 4034 φιλοκράτειν
2454 3968 2637 4020 deleto

360 4045 522 4114 παραὶ
561 4053 755 4103 Vindl.
894 4051 949 4116 7)
1012 4043 1105 4104 ἐπὶ
1140 4053 1261 4107 ΑΙᾱ.
1300 4055 1438 4106 Mor.
1482 4080 1551 4088 —
1607 4042 1765 4116 παρὰ
1802 4051 1974 4103 Aldv.
2019 4079 2086 4089 —
2144 4047 2284 4119 μετὰ
2321 4053 2440 4103 Fel.
2480 4053 2636 4102 Lesa.

358 4138 553 4190 Vindl.
592 4138 641 4189 7.
716 4137 853 4186 ‘Aut
897 4139 981 4187 sic
1028 4137 1375 4188 scribendum
1422 4143 1519 4188 aut
1567 4129 1661 4188 ἐπὶ
1705 4134 1777 4203 τῇ
1812 4129 2129 4204 ἔξωμοσίᾳ.’
2201 4137 2638 4186 Schaeferun.

358 4221 411 4283 8)
462 4221 533 4270 ‘E
588 4205 773 4271 verbis
820 4221 1209 4271 Demosthenis
1254 4222 1546 4287 legendum
1594 4222 1838 4272 videtur:
1912 4209 2001 4272 ὅτε
2047 4217 2148 4270 καὶ
2192 4218 2399 4284 φίλος
2445 4212 2632 4270 εἶναι

360 4293 541 4370 αὐτῷ
578 4299 749 4370 ἔφη.’
800 4304 1115 4356 WolfiuS.
1183 4305 1237 4368 9)
1278 4299 1646 4370 ἰσχυρότερον
1678 4305 1894 4356 Aldete.
1935 4332 1996 4341 —
2034 4299 2403 4370 ἰσχυρότατον
2438 4303 2632 4355 Vind7.

362 4413 426 4425 —·-
463 4379 846 4454 ἰσχυρότατον
879 4386 1077 4438 Vindl.
1175 4388 1258 4451 10)
1297 4383 1366 4438 οὐ
1400 4389 1457 4438 in
1493 4392 1671 4456 prima
1709 4387 1996 4439 Dindorfia
2033 4393 2116 4439 est
2149 4387 2360 4454 typotb.
2401 4402 2565 4438 error.
