3084 4938
837 418 1281 461 m-:mosrnems
1316 418 1413 461 οη.
1446 420 1529 459 121²:
1561 417 1762 461 unsa
1791 414 2177 458 mmmmm-2.
2525 398 2648 461 395

372 572 471 663 (2)
520 568 686 653 Τοὺς
712 574 849 683 ’μὲν
882 561 1038 643 οὖν’
1080 568 1321 654 ἄλλους
1340 566 1387 662 ‚²
1421 569 1565 643 ὅσοι
1603 568 1765 661 πρὸς
1797 568 1880 640 τὰ
1925 566 2114 640 κοινά
2151 575 2423 650 δικαίως
2459 597 2649 658 προς-

374 678 673 766 ἔρχονται
689 671 737 762 ‚¹¹
782 669 909 745 κᾶν
960 673 1329 755 δεδωκότες
1364 664 1531 744 ὦσιν
1569 670 1900 759 εὐθύνας,
1947 668 2072 759 τὴν
2107 667 2444 759 ἀειλογίαν
2477 665 2650 760 ὁρῶ*
2689 678 2767 751 151

371 778 921 867 προτεινομένους
936 772 985 863 ‚⁵
1018 780 1285 847 τουτονὶ
1324 773 1389 845 δ’
1405 770 1429 809 ⁶
1449 784 1776 864 Αἰσχίνην
1811 772 1982 845 πολύ
2017 769 2338 843 τάναντία
2361 766 2650 843 τούτου.7

372 882 531 968 πρὶν
576 875 705 966 γὰρ
754 873 1117 958 εἰςελθεῖν“
1164 885 1259 959 εἰς
1305 872 1479 967 ὑμᾶς
1526 878 1638 947 καὶ
1686 873 1886 964 λόγον
1935 878 2172 945 δοῦναι
2216 878 2355 945 ταῖν
2401 900 2648 964 πεπρα-

369 984 635 1070 γμένων
680 976 835 1049 τόν”
878 980 1003 1069 μὲν
1052 975 1412 1069 ἀνῄρηκε10
1457 985 1594 1049 τῶν
1645 981 1752 1048 ἐπὶ
1798 974 1912 1057 τὰς
1951 973 2250 1057 εὐθύνας
2287 974 2648 1063 ἐλθόντων,

368 1098 507 1163 τοῖς
554 1077 617 1151 δ’
668 1077 935 1151 ἀπειλεῖ
946 1076 986 1115 ¹¹
1029 1079 1340 1171 περιιών,
1391 1078 1775 1151 δεινότατον
1821 1078 2092 1149 πάντων
2151 1086 2306 1160 ἔθος
2369 1086 2462 1159 είς
2527 1075 2652 1165 τὴν

370 1190 713 1253 πολιτείαν
750 1180 1028 1272 εἰςᾶγων
1063 1186 1173 1253 καὶ
1208 1179 1778 1273 ἀσυμφορώτατον
1813 1174 2049 1270 ὑμῖν.12
2124 1187 2184 1250 εἰ
2228 1177 2355 1269 γὰρ
2400 1175 2438 1249 ὁ
2487 1176 2650 1270 πρά-
2685 1208 2737 1247 20

373 1288 483 1369 ξας
518 1314 581 1355 τι
614 1288 751 1356 τοῖν
786 1290 1031 1356 κοινῶν
1068 1282 1177 1354 καὶ
1218 1282 1556 1373 διοικήσας
1590 1276 1744 1377 ⁶1:923¹3
1781 1278 1943 1353 καθ’
1985 1275 2287 1351 ἑαυτὸνΜ
2321 1280 2515 1375 φόβςο
2539 1284 2652 1352 καὶ

372 1488 678 1545 firmaretis.
724 1486 799 1559 (2)
846 1490 921 1543 Ac
964 1488 1207 1563 reliquos
1248 1488 1489 1562 quidem.
1534 1490 1628 1561 qui
1671 1494 1820 1543 recto
1851 1488 2140 1561 prop'osito
2173 1485 2239 1543 ad
2268 1484 2652 1560 rempublicam

372 1573 667 1635 accedunt,
714 1575 926 1629 etiamsi
972 1576 1237 1631 rationem
1270 1572 1650 1634 reddiderunt.
1694 1587 1910 1645 semper
1940 1580 2118 1626 tamen
2149 1570 2296 1626 ultro
2329 1570 2394 1627 ad
2425 1588 2655 1644 respon-

373 1658 603 1714 dendum
635 1666 887 1731 paratos.
930 1658 1250 1715 Aeschinem
1294 1666 1471 1715 autem
1516 1660 1680 1713 istum
1713 1656 1876 1729 longe
1905 1655 2062 1711 aliter
2093 1672 2252 1728 quam
2283 1656 2354 1711 ita
2387 1672 2548 1728 agere
2578 1657 2654 1712 vi-

372 1742 491 1799 deo.
552 1758 673 1799 nam
718 1746 1031 1817 priusquam
1076 1742 1141 1799 ad
1180 1760 1277 1799 vos
1318 1741 1699 1816 ingrederetur
1742 1749 1798 1796 et
1840 1748 2086 1797 actorum
2133 1757 2354 1796 suorum
2389 1741 2652 1795 rationem

372 1826 648 1889 redderet.
682 1827 843 1883 alium
876 1844 1094 1890 eornm.
1128 1829 1220 1902 qui
1252 1827 1317 1885 ad
1346 1826 1590 1885 rationes
1622 1824 1881 1901 petendas
1911 1832 2192 1887 venerant,
2239 1824 2490 1885 sustulit.
2533 1824 2652 1881 aliis
2755 1869 2764 1882 .

372 1910 725 1968 obambulans
773 1914 1083 1986 minitatur,
1128 1921 1183 1967 et
1223 1913 1614 1987 iniquissimam
1660 1912 1898 1967 omnium
1938 1909 2382 1966 consuetudinem
2416 1916 2471 1964 et
2499 1908 2653 1965 vobis

372 1998 886 2070 perniciosissimam
932 1996 1134 2053 invehit
1176 2000 1228 2053 in
1272 1999 1562 2053 civitatem.
1625 1997 1669 2051 si
1702 1995 1840 2049 enim
1877 1996 1949 2056 is,
1998 1994 2088 2066 qui
2133 1992 2334 2067 aliquid
2374 1993 2650 2067 publicum

712 2130 771 2137 —-

507 2196 567 2249 2.
640 2194 687 2256 l)
736 2181 843 2245 οὖν
878 2210 963 2245 om
1000 2196 1051 2245 le.
1124 2196 1347 2246 Habent
1394 2196 1564 2245 etiam
1609 2194 1786 2244 locum
1825 2194 2066 2243 citantes
2099 2192 2410 2243 Alexander
2447 2193 2549 2246 Rh.
2586 2194 2650 2243 Τ.

374 2278 503 2327 VIII
540 2294 592 2343 p.
630 2276 728 2327 472
752 2280 841 2327 W'.
880 2284 937 2330 et
969 2280 1223 2345 Apsiues,
1263 2280 1354 2345 qui
1392 2279 1579 2329 rhetor
1611 2294 1696 2328 om
1735 2265 1856 2327 ὅσοι
1893 2314 1907 2327 .
1936 2314 1948 2327 .
1977 2314 1991 2327 .
2029 2266 2304 2338 εὐθύνας,
2345 2278 2444 2328 Rh.
2485 2278 2548 2328 T.
2573 2278 2652 2329 lx

372 2378 425 2427 p.
460 2360 563 2413 526
594 2363 683 2411 W.
782 2361 840 2428 2)
875 2364 997 2422 τοῖς
1031 2356 1138 2428 μὲν
1173 2350 1280 2415 οὖν
1316 2352 1509 2421 ἄλλοις
1545 2363 1817 2413 Priscian.
1857 2361 1922 2413 T.
1959 2361 2018 2410 11
2052 2377 2104 2426 p.
2141 2360 2243 2411 250
2269 2362 2364 2411 Kr.
2403 2362 2650 2413 Scholia-

372 2452 479 2497 sta.
551 2446 603 2511 3)
643 2442 993 2514 εἰσέρχονται
1031 2448 1161 2499 L'rb.
1234 2448 1287 2511 4)
1328 2438 1441 2513 ὁρῶ
1476 2462 1523 2497 τ.
1561 2438 1706 2498 αἐιλ.
1743 2444 1998 2512 Apsines'.
2037 2473 2100 2482 --
2134 2436 2439 2512 Ἀειλογίαν
2475 2448 2653 2499 citant

372 2532 620 2582 Crameri
662 2533 869 2583 Anecd.
920 2533 1022 2583 Ox.
1059 2534 1123 2587 T.
1160 2534 1215 2583 11
1261 2549 1313 2598 p.
1349 2531 1468 2582 488.
1538 2533 1809 2597 Harpoer.
1859 2531 2004 2582 Suid.
2045 2533 2308 2582 Zonaras.
2357 2547 2401 2584 s.
2439 2547 2492 2582 v.
2565 2531 2650 2582 Cf.

370 2616 628 2669 Eubulid.
666 2619 712 2678 §-
750 2617 831 2666 27.
870 2617 1120 2667 Prooem.
1157 2617 1333 2668 XLIV
1370 2618 1417 2680 S.
1456 2616 1505 2668 3.
1634 2615 1688 2679 5)
1726 2609 1831 2681 τὴν
1867 2605 2010 2665 αέιλ.
2048 2605 2163 2678 ὁραῑ
2197 2606 2290 2666 αἐὶ
2327 2614 2642 2682 προβαλλο-

342 2691 577 2765 ’μὲνους
624 2701 779 2751 Phot.
830 2705 889 2750 et
934 2701 1083 2752 Suid.
1131 2717 1174 2752 s.
1214 2719 1266 2752 v.
1312 2695 1762 2768 προβάλλεσθαι.
1835 2701 2138 2750 Kuesterus
2173 2694 2652 2766 προτεινομένους

372 2800 491 2836 esse
529 2787 1079 2850 interpretamentum
1116 2787 1348 2838 censuit.
1395 2787 1511 2836 Imo
1546 2788 1814 2850 Anonym.
1853 2786 1911 2834 in
1947 2785 2251 2836 Hermanni
2287 2785 2516 2836 Emend.
2557 2785 2650 2836 Gr.

373 2869 464 2919 Gr.
503 2886 556 2935 p.
594 2867 719 2919 391:
780 2864 1186 2934 Δημοσθένης-ε
1253 2863 1413 2930 ιτοὺς
1449 2863 1557 2936 μὲν
1593 2855 1698 2922 οὖν
1735 2877 1841 2923 etc.
1891 2863 1997 2936 τὴν
2032 2860 2330 2934 αἐιλογίαν
2367 2859 2506 2934 (ὁρῶ
2541 2869 2649 2933 om)

370 2946 869 3018 προτεινομένους’
916 2945 1048 3006 (ἐντὶ
1093 2953 1195 3007 τοῦ
1239 2949 1756 3022 προβαλλομένους.
1823 2956 2074 3005 Prooem.
2123 2953 2160 3003 1.
2202 2969 2248 3004 c.
2300 2953 2654 3005 confirmatur

370 3030 863 3102 προτεινομένους.
966 3039 1022 3103 6)
1059 3031 1123 3089 δὲ
1158 3031 1261 3091 τὸν
1294 3040 1452 3092 Lind.
1561 3039 1620 3101 7)
1653 3031 1870 3089 τούτων
1903 3039 2052 3104 vulg.
2089 3054 2245 3105 marg
2281 3039 2436 3104 antiq
2473 3054 2542 3104 γρ
2579 3039 2650 3090 Σ.

368 3122 623 3187 Apsines.
666 3147 729 3158 ·-·
764 3114 969 3180 τούτου
1006 3124 1073 3177 Σ.
1112 3125 1319 3175 Laan.
1364 3123 1425 3172 Τ.
1454 3125 1513 3174 F.
1540 3142 1588 3177 r.
1626 3124 1762 3176 Ven.
1802 3123 1934 3173 Obs.
1973 3123 2148 3189 Aug2.
2185 3122 2413 3174 IndFel.
2452 3123 2649 3174 vind4.

368 3207 502 3258 Urb.
563 3204 763 3258 Laur8.
836 3207 1139 3258 ‘Pluralem
1200 3214 1261 3258 ut
1312 3223 1483 3258 masc.
1540 3223 1726 3273 gener.
1782 3207 2132 3272 praeferam.¹
2205 3208 2464 3259 Schaef
2473 3225 2502 3259 e
2517 3224 2587 3259 ru
2603 3223 2649 3261 ε.

369 3282 577 3372 τούτου
613 3291 647 3338 i.
688 3306 736 3340 e.
774 3289 878 3343 τοῦ
912 3291 1322 3356 προτείνεσθαι
1360 3285 1467 3356 τὴν
1500 3283 1800 3358 αἐιλογίαν
1834 3294 1938 3342 toti
1974 3293 2288 3343 sententiae
2327 3295 2511 3358 aptius
2549 3299 2650 3345 est.

372 3451 435 3460 —-
482 3389 697 3477 wffifng’v
742 3427 878 3477 Bav.
939 3455 1007 3461 -
1066 3427 1263 3494 ‘Aegre
1324 3428 1577 3478 desidero
1635 3424 1948 3478 ποιοῦντα)
2019 3425 2358 3478 Reiskius.
2429 3430 2500 3478 At
2535 3429 2647 3480 vid.

371 3499 700 3562 Schneider:
728 3511 797 3562 ad
836 3511 1083 3576 Xenoph.
1107 3511 1269 3562 Mem.
1299 3513 1391 3574 IV,
1430 3515 1463 3562 2
1498 3514 1549 3574 ἓ.
1575 3513 1624 3566 4.
1662 3513 1982 3562 Foertschii
2020 3512 2181 3562 Obss.
2221 3513 2280 3562 in
2313 3514 2446 3576 Lys.
2485 3529 2536 3578 p.
2563 3511 2646 3564 28.

373 3593 530 3645 alios.
620 3594 691 3658 .8)
732 3586 931 3646 ἐλθεῖν
964 3592 1042 3649 Ω.
1137 3595 1191 3658 9)
1227 3595 1339 3646 τῶν
1374 3597 1509 3650 L'rb.
1605 3596 1691 3661 10)
1723 3586 2024 3663 Ἀνῄρηκεν
2061 3597 2238 3646 citant
2273 3595 2424 3648 Suid.
2461 3598 2651 3650 Aneed

366 3677 511 3730 Bkk.
559 3696 649 3746 pp.
686 3680 771 3730 27.
807 3679 925 3730 402.
986 3681 1423 3733 Anechramer.
1460 3683 1589 3732 Par.
1628 3683 1693 3732 T.
1729 3683 1804 3732 IV
1841 3699 1893 3748 p.
1931 3679 2015 3732 94.
2076 3681 2258 3734 Schol.
2295 3682 2352 3732 in
2387 3683 2648 3751 Hermog.

368 3762 468 3812 Rh.
506 3763 571 3814 Τ.
608 3765 685 3814 IV
720 3780 774 3830 p.
811 3762 911 3813 282
948 3765 1035 3816 W.
1144 3765 1225 3828 11)
1264 3765 1373 3816 cit.
1412 3765 1685 3817 Aristides
1720 3766 1820 3820 Rh.
1848 3761 1911 3816 T.
1939 3767 2016 3816 IX
2052 3783 2104 3832 p.
2130 3765 2224 3818 381
2254 3767 2341 3818 W.
2382 3768 2471 3831 (=·.
2503 3769 2568 3818 T.
2595 3769 2650 3820 II

368 3864 419 3913 p.
447 3847 547 3899 745
568 3847 777 3912 Dind.),
816 3849 911 3899 ubi
946 3851 1029 3900 sic
1066 3848 1422 3915 interpungo:
1462 3841 1525 3900 ἐν
1561 3849 1638 3916 τῷ
1673 3844 1818 3900 κατὰ
1845 3846 2120 3916 Αἰσχίνου
2155 3843 2220 3902 τὸ
2255 3845 2364 3916 μὲν
2397 3842 2646 3918 ἅληθέςε

370 3923 496 3982 *τὸν
538 3925 647 3997 μὲν
682 3967 697 3982 .
722 3968 736 3982 .
766 3969 780 3982 .
820 3923 1148 3984 ἐλθόντων)
1222 3926 1285 3984 τὸ
1334 3927 1399 3984 δὲ
1446 3924 1579 3999 ἑξῆς
1626 3925 2144 3998 ἐπικατεψεύσατο,
2189 3930 2344 3999 οἷονς
2387 3938 2534 3995 ’τοῖς
2582 3931 2646 3987 δὲ

368 4006 633 4067 ἀπειλεῖ)
704 4017 827 4070 Ηοο
860 4017 999 4068 vidit
1022 4017 1353 4085 Spengelins
1390 4034 1628 4085 quoqne,
1670 4034 1826 4084 quem
1865 4019 1992 4070 vide
2029 4021 2133 4075 Rh.
2169 4022 2233 4074 T.
2259 4023 2314 4072 11
2349 4037 2400 4087 p.
2439 4021 2646 4071 XXIII.

374 4099 457 4162 12)
496 4095 595 4150 καὶ
630 4092 847 4167 α’συμφ.
886 4093 1029 4168 ὑμῖν
1063 4108 1189 4169 post
1228 4097 1368 4162 ἔθος
1404 4109 1461 4154 et
1498 4109 1628 4154 ante
1674 4097 1758 4163 εἰς
1793 4111 2002 4170 ponunt
2036 4105 2184 4172 vulg.
2231 4131 2294 4142 --
2341 4111 2468 4170 post
2503 4097 2651 4163 εἰςοὶ-
2729 4153 2742 4160 ,

372 4200 487 4250 γον
521 4191 729 4251 ponunt
764 4185 831 4238 Σ.
871 4187 1075 4240 Lam-S.
1112 4185 1193 4242 Ω.
1230 4188 1404 4253 Augl.
1439 4190 1580 4240 Bav.
1617 4187 1814 4240 vinda
1841 4189 1890 4237 4.
1919 4188 2050 4239 Urb.
2083 4189 2247 4241 Lind.
2271 4188 2404 4239 Urb.
2440 4187 2641 4238 Lam-8.

369 4268 605 4335 (aliquot
640 4270 776 4321 codd
814 4269 990 4338 Bkk).
1030 4267 1632 4338 βαρυσυμφορώτατον
1665 4289 1764 4339 pro
1796 4263 2286 4338 οἷσυμφσρότατον
2320 4287 2476 4338 marg
2507 4273 2644 4323 Mor.

366 4353 485 4404 sine
533 4360 685 4406 nota.
734 4355 905 4405 AldV.
944 4354 1141 4408 vindi.
1177 4355 1509 4414 Scholiasta.
1583 4358 1671 4427 Qf.
1707 4357 2044 4408 Anechkk.
2081 4374 2136 4424 p.
2173 4357 2290 4406 225.
2365 4355 2448 4421 13)
2483 4349 2548 4408 τὸ
2581 4358 2643 4408 s?

372 4435 451 4500 1⁴)
494 4429 677 4489 αὑτὸν
710 4441 771 4488 a?
807 4437 887 4494 Ω.
1094 4429 1102 4437 ’
