3084 4938
814 397 1252 440 nmoswflems
1281 399 1514 440 ons-1⁸10
1546 401 1627 440 nn
1660 400 1922 442 conon.
2409 387 2493 448 25

211 551 512 644 μεγάλας
558 553 668 621 καὶ
717 549 834 633 τὰς
869 546 1178 641 ἐσχάτας2
1211 556 1282 621 οἱ
1309 549 1500 641 νόμοι
1537 548 1835 623 διδόοιοί3
1870 561 2183 644 τιμωρίας
2198 607 2217 643 ,
2266 557 2387 624 τοῦ
2420 555 2495 624 δὲ

213 653 548 746 παρόντος
581 649 839 740 ἆγε-ὄνος
875 647 916 742 ἡ
951 647 1368 743 προαίρεσις*
1403 648 1633 743 afim?
1672 657 1919 744 ἐχθροῦ
1947 652 2107 745 μὶν“
2144 649 2493 744 ἐσιεήρειοιεν7
2571 691 2577 698 ·

215 765 360 847 ἔχει
413 757 524 826 καὶ
571 751 772 844 ὕβριν
822 757 933 825 καὶ
983 759 1324 845 λοιδορίαν
1371 756 1481 826 καὶ
1529 751 2109 846 σιτροπηλοικισμ.ι“)ν8
2144 750 2349 847 ὁμοῦ9
2382 760 2491 827 καὶ
2528 779 2579 822 10

213 857 440 928 πάντα
488 853 568 926 τὰ
615 858 921 944 τοιαῦτα,
967 858 1102 926 τῶν
1149 858 1371 944 μέντοι
1387 849 1434 890 ¹⁰
1480 860 1893 948 κατηγοριῶν
1938 860 2049 928 καὶ
2094 861 2229 928 τῶν
2264 862 2497 929 αἰτιῶν

215 1079 366 1136 gnae
405 1069 462 1116 et
501 1060 758 1133 capitales
800 1073 1006 1132 poenae
1046 1058 1260 1130 legibus
1293 1061 1400 1115 sint
1430 1063 1771 1134 propositae,
1815 1062 2098 1118 consilium
2130 1070 2307 1118 autem
2339 1080 2493 1136 prae—

215 1146 398 1203 sentis
439 1145 746 1217 certaminis
791 1143 893 1198 hoc
933 1149 1044 1204 est.
1091 1142 1158 1199 ab
1201 1144 1400 1200 inimici
1443 1152 1589 1199 certe
1632 1144 1999 1218 proficiscitur
2038 1146 2409 1203 malevolentia
2439 1156 2495 1202 et

215 1229 446 1286 ferocia‘
471 1237 528 1284 et
556 1230 797 1284 convicio
829 1235 884 1282 et
913 1226 1238 1283 contumelia
1272 1227 1430 1282 simul
1462 1227 1769 1302 euteliquis
1800 1229 1917 1286 eius
1947 1233 2161 1302 generis
2193 1231 2490 1293 affectibus.

357 1461 412 1524 2)
451 1425 688 1538 ἐσχαξατ
723 1458 876 1521 Urb.,
913 1459 1070 1524 quasi
1108 1448 1346 1524 ἐσχάτας
1379 1445 1537 1517 ἄτας.
1643 1459 1696 1522 3)
1732 1452 1993 1512 τάττουσι
2016 1463 2163 1530 vulg.
2190 1479 2258 1528 γρ
2284 1461 2489 1514 LourS.

211 1574 289 1585 —
324 1537 609 1597 πλάττουσι
642 1546 790 1595 Man.
824 1569 893 1578 -
929 1531 1158 1593 διδόασι
1197 1541 1264 1594 Σ.
1299 1543 1506 1593 LaurS.
1548 1545 1718 1610 Aug2.
1756 1560 1825 1608 γρ
1851 1544 1914 1594 Φ.
1943 1561 2009 1612 γρ
2035 1547 2171 1596 Bav.
2198 1561 2265 1612 γρ
2290 1544 2343 1612 β.
2404 1547 2489 1596 Cf.

213 1633 386 1696 Lept.
421 1631 469 1692 §-
510 1630 633 1681 154:
671 1625 742 1680 οῗ
766 1641 826 1679 τε
854 1665 868 1676 .
896 1664 910 1678 .
938 1663 951 1678 .
977 1618 1082 1685 τὰς
1114 1618 1284 1693 τιμὰς
1321 1621 1581 1685 διδόντες
1616 1623 1715 1677 καὶ
1750 1623 1807 1678 οἱ
1828 1665 1841 1680 .
1870 1670 1880 1682 .
1908 1666 1921 1680 .
1947 1620 2050 1687 τὰς
2085 1629 2357 1696 τιμωρίας
2392 1631 2491 1693 (sc.

215 1705 435 1780 νόμοι).
505 1714 768 1764 Aristocr.
809 1714 856 1774 §-
895 1711 928 1760 7
942 1728 954 1760 =
1009 1708 1285 1776 τιμωρίαν
1321 1701 1476 1776 avius
1513 1705 1843 1763 δεδωκέναι.
1912 1713 2110 1766 Neaer.
2146 1715 2193 1775 ξ.
2230 1713 2320 1764 86:
2361 1707 2492 1764 ἔδω-

213 1813 324 1850 κεν
369 1787 400 1849 ὁ
437 1789 610 1862 νόμος
643 1790 748 1863 τὴν
781 1793 1075 1861 τιμωρίαν.
1147 1795 1472 1845 Baiterus
1507 1796 1542 1846 l.
1584 1811 1630 1845 c.
1674 1822 1743 1832 —-
1788 1788 2049 1846 τάττουσι
2084 1813 2196 1862 τιμ.
2235 1791 2295 1847 οἴ
2326 1789 2489 1862 νόμοι

213 1897 284 1948 pr
321 1880 474 1932 Pau,
537 1881 690 1932 Corr.
727 1879 971 1929 ordinem
1008 1879 1251 1929 restituit
1287 1877 1462 1929 literis
1498 1876 1533 1944 β
1572 1885 1627 1929 et
1651 1895 1688 1929 α
1712 1881 2087 1945 superpositis.
2191 1881 2243 1943 4)
2280 1871 2493 1931 ὑπόθε-

213 1979 312 2022 σις
349 1965 490 2028 (sine
525 1955 584 2031 ἡ)
623 1963 851 2028 Gregor.
891 1962 1015 2013 Cor.
1053 1979 1104 2028 p.
1131 1961 1233 2012 896
1257 1962 1386 2014 Rsk.
1457 1963 1619 2013 Hunc
1655 1963 1831 2014 locum
1868 1963 2099 2024 rhetoris
2136 1967 2319 2014 omisit
2342 1964 2487 2016 Wal-

212 2050 338 2100 zius
373 2049 474 2100 Rh.
511 2050 578 2098 T.
614 2048 719 2098 v11
754 2064 806 2113 p.
851 2046 992 2098 1153.
1097 2047 1152 2110 δ)
1189 2037 1331 2114 αὐτὴ
1371 2047 1579 2098 Laui-S.
1602 2047 1778 2114 Augl.
1804 2050 1943 2100 Bav.
1975 2047 2036 2100 Y.
2063 2064 2131 2114 γρ
2153 2065 2195 2099 ε.
2224 2049 2267 2110 ζ.
2298 2048 2490 2099 Vindl.

213 2133 386 2184 Barb.
423 2131 577 2184 Pan.
612 2133 764 2184 Man.
801 2131 939 2198 Ang.
978 2131 1168 2182 Laurf.
1207 2131 1328 2182 Ald.
1365 2131 1487 2182 Pel.
1564 2132 1839 2184 ‘Praetnli
1876 2122 2049 2200 αὐτὴ,
2100 2133 2277 2199 ipsum
2313 2134 2491 2183 consi-

211 2217 352 2268 linm
396 2217 865 2282 propositumque,
919 2215 990 2265 nd
1036 2215 1176 2280 quod
1221 2220 1378 2266 actor
1413 2219 1689 2282 spectavit
1726 2223 1781 2267 et
1817 2217 2099 2268 contendit
2136 2233 2360 2268 causam
2398 2233 2488 2268 ca-

213 2315 450 2368 pessens
493 2301 748 2366 sepositis
786 2305 842 2350 et
877 2300 1112 2349 seeretis
1148 2299 1506 2350 criminibus.’
1554 2301 1901 2352 Reiskius.
1975 2303 2147 2364 Quem
2184 2317 2289 2352 non
2326 2302 2487 2352 debe-

213 2387 358 2437 bant
379 2389 632 2436 recentes
655 2385 829 2450 sequi,
867 2383 1173 2445 Dobraeus,
1211 2382 1538 2446 Dindorfius,
1577 2385 2046 2449 Westermannus,
2080 2387 2488 2451 Huepedenius.

209 2496 284 2507 —--
319 2458 472 2537 αὕτη
507 2472 642 2521 Mor.
681 2471 909 2535 Gregor.
948 2467 1207 2532 Hermog.
1246 2467 1310 2517 Τ.
1336 2467 1421 2517 111
1456 2484 1507 2534 p.
1537 2466 1652 2519 406.
1694 2487 1744 2535 p.
1771 2467 1886 2521 506.
1926 2469 2106 2522 Schol.
2146 2469 2231 2521 2?
2267 2471 2331 2521 Φ.
2360 2489 2409 2524 ο.
2430 2489 2487 2537 p.

209 2571 258 2605 r.
302 2563 340 2605 t.
411 2554 536 2605 Alia
580 2556 724 2604 ratio
771 2558 856 2604 est
903 2556 950 2616 §-
992 2550 1116 2601 192:
1165 2542 1199 2616 ἡ
1247 2544 1312 2602 δὲ
1348 2550 1676 2616 προαίρεσις
1712 2546 1855 2620 αὐτὴ
1890 2548 1997 2621 τὴν
2034 2552 2137 2605 τοῦ
2171 2550 2491 2622 συμβούλου

211 2631 492 2689 διάνοιαν
528 2636 708 2705 δηλοῖ.
780 2636 1054 2702 Propositi
1095 2636 1238 2686 enim
1275 2635 1384 2687 loci
1419 2640 1701 2687 sententis
1736 2643 1845 2689 est:
1883 2638 2184 2690 Aeschines
2219 2655 2331 2689 non
2362 2654 2490 2704 poe-

209 2738 324 2773 nae
373 2722 708 2788 repetendae
756 2736 928 2771 cansa
965 2720 1196 2771 erimina
1234 2724 1425 2771 eontra
1461 2736 1547 2771 me
1586 2722 1913 2786 cumulavit,
1965 2722 2061 2773 sed
2097 2724 2213 2773 hoc
2249 2724 2365 2773 eius
2404 2728 2491 2773 est

209 2806 538 2880 consilium,
591 2812 652 2857 ut
705 2810 790 2855 ine
845 2805 968 2855 odio
1021 2812 1383 2870 prosequatur
1437 2810 1494 2857 et
1541 2805 1863 2857 defensione
1910 2808 2107 2873 privet.
2176 2806 2298 2857 Vid.
2346 2808 2488 2857 Rau-

209 2890 430 2951 chenst.
469 2890 737 2941 Observv.
773 2889 1017 2955 pluribus
1053 2888 1106 2939 h.
1143 2889 1180 2940 l.
1221 2889 1547 2957 exponentis
1582 2892 1809 2941 Excute.
1848 2892 1876 2941 1
1910 2908 1962 2956 p.
2009 2889 2102 2940 190
2136 2905 2251 2955 sqq.
2276 2890 2333 2939 in
2356 2892 2487 2941 Bre-

209 2976 313 3025 mii
349 2974 501 3025 Edit.
571 2974 756 3028 Etiam
791 2973 974 3023 hiatus
1008 2972 1303 3025 lectionem
1340 2965 1506 3040 αὑτὴ,
1545 2975 1687 3040 quod
1722 2975 2048 3027 vocabulum
2086 2990 2207 3025 cnm
2243 2976 2489 3041 proximo

210 3050 438 3123 ἐχθροῦ
473 3056 895 3108 continuandum
933 3062 1100 3122 esset,
1137 3058 1510 3124 recipiendam
1548 3064 1717 3109 vetat.
1788 3058 1976 3109 LaurS
2015 3064 2141 3109 ante
2169 3052 2384 3125 ἐχθροῦ
2410 3058 2488 3108 di-

208 3144 428 3194 stinxit.
498 3142 786 3192 Dobraeus
822 3156 1034 3207 quoque
1071 3141 1211 3193 vidit
1247 3148 1370 3208 post
1399 3130 1546 3209 αὕτη
1575 3158 1695 3193 esse
1722 3142 2209 3209 distinguendum.-
2290 3142 2343 3206 6)
2381 3136 2489 3208 μὲν

207 3226 506 3277 delendum
543 3226 696 3281 iubet
725 3226 1014 3277 Dobraeus
1053 3226 1124 3276 ad
1159 3245 1210 3293 p.
1237 3226 1357 3289 229,
1393 3227 1442 3285 ὕ,
1485 3226 1624 3277 ‘nisi
1658 3228 1843 3292 potius
1882 3227 2087 3278 excidit
2121 3227 2369 3278 clausula
2406 3243 2485 3276 re-

207 3310 490 3378 spondens
526 3310 648 3360 istis
685 3298 814 3361 οὔτε
850 3302 930 3375 μοὶ
967 3303 1100 3369 τούς
1135 3303 1312 3369 θεοὺς
1349 3309 1475 3361 etc.'
1549 3312 1799 3361 Pertinet
1822 3310 1925 3361 hoc
1950 3312 2020 3362 ad
2046 3311 2287 3375 reliquas
2310 3326 2487 3375 nugas

208 3396 280 3447 de
316 3395 424 3445 hoc
459 3394 582 3445 loco
619 3394 795 3447 fictas.
865 3394 1221 3462 Respondent
1256 3396 1361 3446 sibi
1398 3388 1506 3461 μὲν
1538 3423 1608 3432 -
1641 3388 1857 3460 μέντοι.
1929 3394 2245 3445 Sententia:
2285 3395 2485 3456 Quam-

209 3495 377 3547 quam
413 3478 624 3528 inimici
661 3484 748 3530 est
782 3480 1086 3543 consilium,
1128 3484 1373 3530 attamen
1397 3496 1506 3531 non
1531 3480 1793 3546 puniendi
1820 3494 1991 3531 causa
2015 3494 2099 3529 me
2124 3478 2483 3545 persequitur,

207 3564 312 3614 sed
339 3562 732 3614 ·calumniatur
777 3570 1037 3631 tanquam
1083 3564 1420 3616 defensionis
1461 3566 1698 3630 inopem.
1773 3564 1857 3615 Of.
1895 3568 2003 3615 not.
2046 3562 2109 3613 10
2144 3569 2201 3614 et
2239 3562 2317 3613 12.
2432 3562 2485 3627 7)

209 3647 549 3713 προαίρεσιν
585 3647 654 3700 Σ.
699 3676 769 3684 --
809 3662 1168 3726 επροαιρεσιν
1203 3665 1268 3715 pr
1301 3650 1508 3700 LaurS.
1578 3650 1831 3701 Errorem
1868 3666 1897 3699 e
1936 3662 2261 3715 praegresso
2298 3653 2484 3699 natum

211 3734 458 3785 correxit
491 3734 526 3782 2
560 3748 770 3784 manus.
843 3732 900 3783 Σ
929 3733 987 3782 in
1017 3748 1170 3799 marg
1196 3738 1292 3783 ant
1317 3750 1400 3800 γρ.
1429 3724 1718 3799 ἐπήρειαν.
1789 3734 1852 3783 In
1877 3732 1939 3787 Ω
1974 3750 2162 3799 margo
2200 3733 2343 3784 idem
2368 3738 2483 3784 tex-

211 3823 302 3869 tus
339 3816 666 3868 vocabulum
705 3808 866 3882 ἐπηρ.
905 3818 1123 3883 repetit,
1163 3819 1458 3867 memoriae
1497 3832 1687 3867 causa.
1790 3816 1843 3879 8)
1881 3813 1978 3867 καὶ
2014 3810 2483 3884 προπηλακισμὸν

211 3896 310 3953 καὶ
357 3899 656 3963 λοιδορίαν
701 3917 765 3967 pr
809 3900 1005 3952 Vindl.
1079 3900 1230 3952 Corr,
1274 3900 1454 3951 literis
1490 3902 1851 3967 superpositis
1887 3899 1921 3965 β
1958 3907 2013 3951 et
2047 3919 2083 3953 α
2121 3902 2360 3953 ordinem
2397 3917 2483 3952 re-

209 3986 412 4036 stitnit.
540 3983 594 4050 9)
640 3977 788 4051 ὁμοῦ
821 3984 1026 4035 Lam-S.
1063 3984 1210 4049 vulg.
1250 4012 1306 4020 —
1352 3975 1492 4050 ἐμοῦ
1527 3983 1593 4036 Σ.
1628 4002 1672 4035 ε.
1708 3986 1944 4052 Recepit
1979 3986 2257 4039 Reiskius.
2330 3985 2480 4035 ‘Ser-

211 4070 479 4131 vandum,
528 4069 730 4135 inquit,
779 4070 825 4118 si
861 4070 936 4120 sit
970 4060 1142 4135 ὁμοῦ,
1191 4068 1513 4118 conventius
1552 4070 1621 4119 ad
1658 4084 1832 4120 meum
1871 4072 2084 4137 quidem
2120 4085 2335 4120 sensum
2373 4074 2482 4118 stet

207 4170 350 4220 ponc
399 4150 524 4216 καὶ,
573 4146 1042 4219 προπηλακισμὸν
1085 4149 1182 4203 καὶ
1227 4144 1373 4219 ὁμοῦ
1416 4145 1607 4204 πάντα
1651 4169 1696 4204 τ.
1746 4153 1814 4205 τ.’
1886 4156 1999 4205 Imo
2047 4154 2322 4204 sententia
2368 4156 2478 4201 est:

210 4240 510 4289 coniuncta
545 4242 672 4288 sunt
706 4239 763 4286 in
801 4253 866 4287 eo
903 4238 1043 4287 haec
1080 4238 1216 4287 vitia
1254 4242 1308 4288 et
1344 4240 1526 4289 omnia
1564 4239 1721 4291 talia.
1848 4238 1929 4301 10)
1978 4230 2085 4304 μὲν
2119 4236 2319 4287 τοίνυν
2354 4250 2479 4285 con-

208 4324 342 4373 iecit
377 4320 627 4371 Wolflus.
703 4321 979 4371 ‘Fallitun
1048 4322 1182 4373 Tria
1227 4326 1410 4373 orator
1451 4322 1508 4372 in
1544 4323 1649 4374 hoc
1685 4328 1962 4387 tamquam
1999 4324 2253 4387 ingressu
2288 4318 2478 4369 defen-

209 4405 380 4457 sionis
415 4406 697 4471 proponit=
739 4406 786 4469 l)
826 4406 1172 4457 atrocitatem
1211 4406 1512 4468 criminum,
1550 4406 1605 4469 2)
1642 4405 1842 4456 malum
1880 4406 2117 4456 animum
2155 4404 2477 4467 adversarii,
