3084 4938
623 444 1066 489 Dmms'rlmms
1099 442 1199 487 012.
1231 444 1315 487 m:
1345 442 1545 487 FALSA
1574 445 1955 487 mauman.
2316 412 2440 494 513

169 630 313 692 τον,
375 595 463 682 ὥς
519 594 605 671 ἄν
661 594 864 691 ‘cums'
923 592 1351 689 κινούμενος8
1402 590 1649 688 ἦλθεν,
1706 594 1743 670 ὁ
1804 595 1869 669 δ’
1923 595 2261 689 ἀπῆλθεν,
2331 600 2441 689 μέ-

167 713 264 774 λει
314 699 380 773 δ’
429 698 662 773 οὐδενὶ
714 706 850 773 τῶν
912 694 1220 791 κοινιι·“>’ν,9
1277 695 1502 771 mmm
1548 702 1887 791 μέμνηται.
1962 707 2069 772 δεῖ
2122 702 2203 771 δέ
2256 730 2443 783 τινας

168 907 282 949 cam
327 906 491 947 curae
531 906 652 946 esse
691 891 918 952 nemini,
966 906 1036 945 ne
1076 888 1389 945 meminisse
1419 888 1675 963 quidem..
1712 888 1989 945 habendos
2020 896 2201 946 autem
2230 888 2443 963 aliquos

165 1171 354 1219 τατον,
395 1155 556 1207 fidem
592 1171 699 1205 non
735 1170 856 1205 esse
891 1154 1204 1204 habendam
1229 1153 1552 1219 significans
1586 1156 1809 1205 decreto
1850 1155 2121 1206 contionis
2159 1154 2263 1205 etsi
2299 1170 2441 1206 eum·

166 1257 388 1307 mopere
437 1242 636 1290 iratae.
708 1237 842 1303 Λαῷ
887 1231 964 1305 μὴ
1013 1236 1272 1289 πίστευε·
1333 1231 1687 1302 πολύτροπός
1724 1230 1875 1289 ἔστιν
1920 1228 2128 1305 ὅμιλος.
2198 1240 2441 1290 Pseudo·

164 1324 487 1390 Phocylidie
524 1324 772 1375 Sentent.
809 1339 890 1376 vs.
925 1324 992 1375 95
1037 1341 1088 1389 p.
1127 1322 1230 1374 366
1265 1323 1350 1374 ed.
1386 1324 1593 1391 Bergk.
1664 1322 1838 1373 ‘Nihil
1879 1326 2023 1375 enim
2061 1329 2146 1375 est
2180 1324 2445 1375 incertius

164 1411 357 1475 vulgo,
407 1408 546 1459 nihil
593 1409 877 1460 obscurius
913 1408 1198 1459 voluntate
1235 1408 1539 1470 hominum,
1589 1407 1729 1458 nihil
1774 1407 2034 1465 fallacius
2071 1410 2287 1460 ratione
2322 1413 2446 1460 tota

167 1490 554 1547 comitiorum.’
605 1493 801 1544 Cicero
836 1508 930 1559 pro
969 1494 1232 1543 Muraeuo
1269 1508 1390 1557 cap.
1429 1492 1510 1542 17.
1617 1490 1671 1555 6)
1708 1492 1832 1542 Vid.
1869 1493 2165 1544 Excureue.
2260 1494 2314 1557 7)
2350 1486 2447 1544 τύ·

165 1594 261 1644 χοι
298 1579 420 1631 Ald.
456 1580 593 1627 Mor.
645 1605 713 1614 —
763 1568 906 1643 τύχῃ
941 1576 1010 1628 Σ.
1047 1576 1256 1627 LaurS.
1291 1575 1440 1641 vulg.
1581 1575 1635 1639 8)
1672 1568 2033 1643 κινούμενον.
2082 1567 2113 1629 6
2149 1570 2257 1644 μὲν
2291 1577 2442 1644 vulg.

519 1658 552 1693 6

161 1774 235 1786 —-
270 1711 558 1815 mvnda-‘3
609 1740 639 1799 6
674 1741 782 1815 μὲν
818 1747 1008 1798 LaurS
1047 1748 1238 1797 eadem
1277 1760 1442 1795 manu
1476 1749 1537 1795 ut
1572 1746 1805 1797 videtur.
1846 1772 1901 1781 -—
1951 1740 2291 1812 κινούμενος
2325 1746 2445 1795 eine

162 1876 194 1935 6
235 1876 343 1949 μὲν
378 1883 446 1947 Σ,
487 1902 630 1952 quae
666 1885 770 1936 duo
807 1883 1082 1935 vocabula
1127 1882 1282 1947 antiq
1319 1880 1547 1932 addidit.
1594 1908 1659 1917 —
1710 1830 2055 1947 κινούμενοτςι
2090 1880 2222 1947 (non
2256 1882 2379 1932 eine
2415 1872 2446 1932 6

161 1964 302 2037 μὲν)
337 1970 397 2020 F.
437 1977 472 2020 ι.
513 1968 708 2021 LaurS.
769 1996 834 2006 -
891 1970 1197 2019 Praeterea
1248 1964 1310 2017 T.
1353 1964 1416 2019 Φ.
1453 1959 1794 2031 κινούμενος
1828 1972 1892 2016 ut
1927 1967 2145 2017 videtur
2179 1982 2287 2017 non
2324 1966 2445 2016 eine

163 2050 194 2106 6
235 2048 376 2121 μὲν,
434 2070 573 2120 quae
624 2055 734 2104 duo
779 2053 1053 2105 vocabula
1099 2052 1336 2102 delenda
1382 2066 1503 2103 esee
1550 2050 1706 2101 iubet
1750 2051 2040 2102 Scheibius
2086 2051 2352 2103 Observv.
2388 2052 2447 2100 in

163 2140 294 2192 Orr.
329 2142 441 2191 Att.
472 2156 523 2205 p.
551 2138 634 2189 22.
686 2136 1082 2205 ‘Consuetudo‚
1119 2136 1322 2201 inquit,
1363 2139 1447 2185 est
1484 2136 1649 2185 etiam
1692 2135 2044 2199 Graecorum,
2083 2142 2143 2186 ut
2180 2127 2209 2185 6
2247 2128 2354 2200 μὲν
2388 2135 2447 2185 in

161 2225 348 2290 priore
395 2224 638 2273 membro
673 2228 802 2272 ante
839 2212 870 2272 6
909 2214 973 2271 δὲ
1011 2222 1297 2281 omittant,
1348 2234 1488 2285 quae
1535 2220 1756 2271 etiamsi
1791 2222 1931 2271 satis
1966 2222 2100 2271 trita
2137 2226 2221 2271 eet
2260 2216 2361 2285 [cf.
2396 2222 2448 2283 §-

165 2306 289 2359 180.
323 2308 452 2357 vide
499 2323 633 2373 quos
681 2307 991 2357 citaverunt
1036 2304 1362 2356 Funkhaen.
1411 2304 1470 2353 in
1513 2304 1671 2353 Diar.
1719 2304 1903 2371 Antiq.
1943 2302 2072 2355 1847
2122 2320 2171 2371 p.
2212 2302 2345 2355 1076
2392 2308 2449 2354 et

161 2391 405 2443 Shilieto
443 2392 513 2442 ad
547 2394 594 2453 ὅ.
620 2390 723 2441 200
744 2410 812 2435 =
837 2388 973 2457 180],
1016 2396 1201 2439 tamen
1225 2389 1486 2454 quoniam·
1518 2403 1553 2437 a
1590 2392 1745 2437 recta
1782 2394 2156 2454 accurataque
2190 2389 2449 2454 loquendi

161 2477 384 2528 ratione
423 2478 682 2528 recedere
717 2476 1037 2538 videbatur,
1087 2490 1196 2525 non
1231 2477 1452 2539 poterat
1488 2473 1620 2538 quin
1656 2473 1745 2523 hic
1782 2473 1899 2524 illic
1937 2489 1967 2524 e
2001 2475 2159 2524 libris
2194 2488 2353 2524 mser.
2393 2478 2449 2523 et

165 2562 340 2613 editis
375 2567 764 2613 removeretur.
835 2562 928 2620 Sic
965 2576 1154 2612 omnes
1190 2560 1520 2625 interpretes
1568 2573 1654 2623 ap.
1692 2557 1848 2608 Dem.
1889 2557 1925 2609 f.
1960 2559 2073 2624 leg.
2110 2561 2156 2620 §-
2198 2556 2297 2609 136
2333 2558 2447 2608 edi-

161 2647 304 2696 dere
350 2637 381 2695 6
419 2640 526 2712 μὲν
567 2633 777 2712 ἦλθεν,
828 2661 1154 2711 quamquam
1201 2634 1232 2695 6
1278 2636 1385 2710 μὲν
1431 2657 1464 2692 a
1501 2657 1566 2707 pr
1590 2641 1647 2693 Σ
1680 2642 1861 2701 abest,
1910 2642 2101 2708 idque,
2138 2647 2201 2692 ut
2235 2643 2443 2707 opinor,

162 2737 343 2780 recte.
415 2731 736 2782 commotior
772 2735 858 2781 eet
894 2730 1040 2780 enim
1075 2729 1284 2786 oratio.
1334 2729 1422 2778 cui
1458 2727 1798 2794 potissimum
1832 2727 1923 2777 hic
1958 2741 2087 2778 uene
2120 2725 2380 2792 loquendi
2418 2741 2449 2776 e

159 2830 292 2866 meo
329 2815 544 2880 quidem
581 2815 788 2864 iudicio
828 2814 1101 2865 convenit.
1174 2812 1262 2863 Cf.
1300 2811 1440 2862 Phil.
1481 2812 1564 2862 111
1610 2814 1656 2874 ἓ.
1693 2811 1776 2861 64.
1849 2811 2101 2863 Praeivit
2136 2807 2447 2861 Homerus)

159 2901 322 2949 Bene
361 2898 662 2964 explicavit
694 2913 850 2948 usum
876 2898 1328 2949 Funkhaeneliue
1352 2897 1386 2947 l.
1415 2913 1484 2959 c.,
1523 2897 1621 2947 sed
1656 2896 1772 2950 h.1.
1809 2912 1918 2947 non
1952 2896 2288 2962 sequendam
2326 2909 2447 2945 esee

160 2984 428 3050 opinatur
465 2984 672 3034 codicis
709 2983 766 3035 Σ
798 2985 1219 3043 auctoritatem,
1259 2984 1389 3048 quia
1425 2981 1640 3032 omissis
1677 2982 1861 3032 verbis
1898 2973 1929 3034 6
1965 2974 2073 3048 μὲν
2107 2982 2342 3032 obscura
2377 2981 2451 3030 sit

162 3070 355 3119 oratio
391 3083 570 3134 neque
607 3073 830 3134 pateat,
870 3068 990 3132 quis
1028 3061 1244 3118 dicatur
1280 3059 1504 3124 ἐλθεῖν,
1542 3066 1651 3116 nisi
1686 3066 1827 3118 forte
1865 3071 2037 3118 totum
2072 3065 2330 3133 populum
2365 3065 2447 3116 in-

161 3153 428 3218 telligite,
477 3157 534 3202 et
578 3153 884 3204 servaverit
926 3153 1028 3202 illa
1061 3151 1366 3217 Appianas.
1436 3151 1597 3201 Haec
1632 3151 1717 3202 vir
1752 3152 2165 3218 sagacissimus·
2233 3151 2307 3200 At
2338 3151 2447 3216 Ap-

159 3238 370 3304 pianue
417 3237 595 3287 locum
643 3238 875 3288 oratorie
922 3237 1164 3302 respexit
1210 3236 1355 3286 haud
1402 3235 1595 3298 dubie,
1643 3237 1812 3286 etiam
1849 3237 2098 3287 imitatus
2136 3240 2220 3286 eet
2252 3234 2447 3298 libere,

160 3336 353 3386 neque
394 3336 522 3372 vero
559 3322 872 3388 descripsit.
946 3321 1206 3373 Ceterum
1258 3319 1355 3370 ille
1411 3320 1783 3370 obscuriorem
1837 3319 1957 3371 fieri
2014 3320 2195 3371 locum
2248 3319 2449 3371 deletis

159 3405 385 3457 duobus
422 3405 605 3456 verbis
641 3407 782 3457 dixit
815 3423 970 3468 vere,
1008 3406 1056 3456 si
1094 3405 1431 3471 comparatio
1466 3405 1634 3455 marie
1668 3407 1913 3470 proxime
1951 3405 2019 3455 ad
2055 3405 2451 3472 praecedentia

157 3491 356 3541 relata
393 3496 451 3541 et
483 3493 635 3558 prius
671 3492 970 3542 membrum
1007 3490 1218 3540 finitum
1245 3495 1330 3540 est
1352 3489 1655 3556 participio
1690 3481 2051 3556 κινούμενον,
2089 3505 2197 3540 non
2232 3490 2367 3539 item
2402 3489 2450 3538 si

156 3569 516 3642 κινούμενος
553 3582 704 3627 arcte
744 3593 864 3627 cum
901 3563 1086 3642 ἦλθεν
1124 3575 1430 3641 coniungis.
1478 3573 1573 3625 Sic
1608 3590 1787 3641 neque
1824 3575 2001 3639 obest,
2039 3575 2097 3624 id
2133 3573 2273 3640 quod
2308 3572 2451 3622 Shil-

155 3663 288 3712 leto
335 3662 616 3726 opposuit,
664 3661 925 3711 attractio
972 3661 1400 3727 comparationis
1445 3665 1708 3725 tanquam
1754 3659 2038 3726 neglecta,
2082 3673 2261 3725 neque
2310 3658 2451 3724 quod

155 3744 422 3796 neutrius
475 3748 696 3810 generis
745 3747 1024 3798 adiectiva
1069 3751 1258 3797 cetera
1305 3745 1374 3794 ad
1423 3742 1605 3810 δῆμος
1640 3746 2043 3798 substantivum
2080 3745 2270 3795 addita
2304 3748 2449 3794 eunt.

159 3829 366 3880 Etiam
403 3829 692 3881 Hirschius
727 3830 1002 3896 Philolog.
1040 3832 1104 3882 T.
1143 3831 1192 3881 V
1229 3848 1280 3896 Ρ.
1317 3827 1418 3881 332
1453 3822 1790 3895 κινούμενος
1827 3847 1948 3882 eum
1985 3829 2166 3899 δῆμος
2204 3837 2455 3902 constru-¹

154 3917 254 3964 xIt
292 3913 401 3963 sic.
451 3905 528 3973 ὦς
563 3905 594 3964 ὁ
629 3908 736 3981 μὲν
783 3907 962 3982 δῆμός
1000 3907 1114 3967 ἐστι
1151 3914 1388 3981 πρᾶγμα
1425 3951 1439 3964 .
1471 3949 1484 3964 .
1513 3951 1526 3964 .
1564 3907 1916 3981 κινούμενος,
1955 3933 2031 3976 ως
2065 3933 2142 3967 αν
2175 3909 2319 3984 τύχῃ
2350 3932 2451 3975 ως-

151 4012 282 4061 nso
321 4003 427 4050 etc.
497 4000 692 4065 Itaque
729 4015 838 4050 non
875 4001 1046 4050 solum
1084 4005 1264 4066 potest
1313 3999 1442 4050 ferri
1478 3997 1649 4049 lectio
1686 3999 1894 4052 codicis
1931 4001 2009 4066 Σ,
2048 4001 2145 4053 sed
2180 4007 2450 4069 praestat,

149 4089 228 4135 ut
295 4083 638 4134 commotiori
698 4085 1012 4136 sententiae
1073 4085 1279 4152 aptior,
1343 4099 1452 4150 qua
1503 4083 1687 4134 vivide
1742 4085 1924 4152 imago
1980 4090 2037 4138 et
2086 4101 2175 4137 res
2230 4101 2450 4152 compa·

149 4174 300 4221 rata
351 4167 636 4233 pingatur.
771 4168 826 4235 9)
877 4164 1057 4236 *μέλει
1107 4160 1167 4221 δ’
1211 4159 1409 4222 οὐδενὶ
1463 4159 1600 4218 οὐδὲ
1657 4163 1976 4236 μέμνηται)
2045 4168 2145 4222 καὶ
2196 4162 2305 4236 ’γὰρ
2361 4163 2451 4221 ἔν-

147 4249 374 4305 ταῦθα
410 4243 656 4304 ἐλλείπει
698 4246 761 4304 τὸ
799 4245 1010 4313 οὐδείς.
1065 4247 1296 4312 πάθους
1337 4245 1404 4303 δὲ
1438 4245 1690 4318 ἔμφασιν
1726 4247 1841 4320 ἔχει
1876 4247 1937 4305 τὸ
1972 4253 2177 4323 σχῆμα.
2213 4255 2453 4306 Alexan-

145 4341 268 4392 der
305 4338 408 4389 Rh.
445 4340 509 4389 T.
548 4339 680 4390 vm
715 4355 772 4404 p.
806 4338 934 4402 471,
980 4341 1239 4390 omittens
1274 4336 1386 4389 τῶν
1421 4336 1655 4396 κοινῶν,
1703 4353 1844 4404 quae
1880 4339 2087 4392 habent
2123 4340 2291 4391 etiam
2325 4339 2453 4390 Bkk

145 4490 381 4544 Aneed.
416 4507 471 4554 Ρ.
514 4490 624 4542 156.
767 4491 850 4555 10)
909 4483 1038 4542 ἄλλ’
1076 4485 1211 4542 οὐδὲ
1248 4491 1394 4557 vulg.
1444 4422 1548 4525 {5²
1574 4435 1713 4538 εἶδε
1751 4490 1958 4552 LaurS‚
1995 4497 2057 4540 ut
2089 4489 2311 4539 videtur
2347 4491 2453 4540 ead

279 4605 560 4644 nenos-ru.
1966 4579 2045 4640 33

2477 728 2527 770 10
