<?xml version="1.0" encoding="UTF-8"?>
<!DOCTYPE html PUBLIC "-//W3C//DTD XHTML 1.0 Transitional//EN"
    "http://www.w3.org/TR/xhtml1/DTD/xhtml1-transitional.dtd">
<html xmlns="http://www.w3.org/1999/xhtml" xml:lang="en" lang="en">
 <head>
  <title>
</title>
<meta http-equiv="Content-Type" content="text/html;charset=utf-8" />
  <meta name='ocr-system' content='tesseract 3.04.00' />
  <meta name='ocr-capabilities' content='ocr_page ocr_carea ocr_par ocr_line ocrx_word'/>
</head>
<body>
  <div class='ocr_page' id='page_1' title='image "./decoronaetdefal00voemgoog_0424.png"; bbox 0 0 3084 4938; ppageno 0'>
   <div class='ocr_carea' id='block_1_1' title="bbox 524 398 2524 461">
    <p class='ocr_par' dir='ltr' id='par_1_1' title="bbox 524 398 2524 461">
     <span class='ocr_line' id='line_1_1' title="bbox 524 398 2524 461; baseline -0.002 -6"><span class='ocrx_word' id='word_1_1' title='bbox 524 398 649 461; x_wconf 80' lang='grc'><strong>390</strong></span> <span class='ocrx_word' id='word_1_2' title='bbox 824 414 1004 454; x_wconf 58' lang='lat' dir='ltr'><strong>Alton.</strong></span> <span class='ocrx_word' id='word_1_3' title='bbox 1041 414 1183 454; x_wconf 74' lang='lat' dir='ltr'><strong>ARG.</strong></span> <span class='ocrx_word' id='word_1_4' title='bbox 1220 414 1283 453; x_wconf 81' lang='lat' dir='ltr'><strong>IN</strong></span> <span class='ocrx_word' id='word_1_5' title='bbox 1314 412 1630 453; x_wconf 69' lang='lat' dir='ltr'><strong>DEMOSTH.</strong></span> <span class='ocrx_word' id='word_1_6' title='bbox 1665 412 1762 453; x_wconf 73' lang='grc' dir='ltr'><strong><em>ΟΒ..</em></strong></span> <span class='ocrx_word' id='word_1_7' title='bbox 1799 413 1880 451; x_wconf 78' lang='lat' dir='ltr'><strong>DE</strong></span> <span class='ocrx_word' id='word_1_8' title='bbox 1913 411 2112 453; x_wconf 72' lang='lat' dir='ltr'>PALSA</span> <span class='ocrx_word' id='word_1_9' title='bbox 2143 412 2524 453; x_wconf 66' lang='lat' dir='ltr'><strong>LEGATIONR.</strong></span> 
     </span>
    </p>
   </div>
   <div class='ocr_carea' id='block_1_2' title="bbox 468 560 2813 760">
    <p class='ocr_par' dir='ltr' id='par_1_2' title="bbox 468 560 2813 760">
     <span class='ocr_line' id='line_1_2' title="bbox 468 560 2812 656; baseline 0 -19"><span class='ocrx_word' id='word_1_10' title='bbox 468 598 492 637; x_wconf 85' lang='lat'><strong>5</strong></span> <span class='ocrx_word' id='word_1_11' title='bbox 528 568 641 639; x_wconf 74' lang='grc' dir='ltr'><strong>καὶ</strong></span> <span class='ocrx_word' id='word_1_12' title='bbox 670 562 780 638; x_wconf 70' lang='grc' dir='ltr'><strong><em>διὰ</em></strong></span> <span class='ocrx_word' id='word_1_13' title='bbox 807 571 1241 656; x_wconf 76' lang='grc' dir='ltr'><strong><em>δωροδοκίαν.</em></strong></span> <span class='ocrx_word' id='word_1_14' title='bbox 1276 560 1515 636; x_wconf 79' lang='grc' dir='ltr'><strong><em>Ἰστέον</em></strong></span> <span class='ocrx_word' id='word_1_15' title='bbox 1555 563 1663 653; x_wconf 62' lang='grc' dir='ltr'><strong>δὲ,</strong></span> <span class='ocrx_word' id='word_1_16' title='bbox 1699 560 1802 634; x_wconf 77' lang='grc' dir='ltr'><strong>ὅτι</strong></span> <span class='ocrx_word' id='word_1_17' title='bbox 1835 560 2344 655; x_wconf 82' lang='grc' dir='ltr'><strong><em>προηγούμενόν</em></strong></span> <span class='ocrx_word' id='word_1_18' title='bbox 2367 568 2550 637; x_wconf 78' lang='grc' dir='ltr'><strong><em>ἐστιν</em></strong></span> <span class='ocrx_word' id='word_1_19' title='bbox 2579 573 2812 656; x_wconf 78' lang='grc' dir='ltr'><strong><em>ἔγκλη-</em></strong></span> 
     </span>
     <span class='ocr_line' id='line_1_3' title="bbox 527 661 2813 760; baseline -0.001 -19"><span class='ocrx_word' id='word_1_20' title='bbox 527 698 621 760; x_wconf 87' lang='grc' dir='ltr'><strong>μα</strong></span> <span class='ocrx_word' id='word_1_21' title='bbox 665 664 767 740; x_wconf 79' lang='grc' dir='ltr'><strong>ὅτι</strong></span> <span class='ocrx_word' id='word_1_22' title='bbox 806 678 1065 749; x_wconf 82' lang='grc' dir='ltr'><strong><em>Φωκεῖς</em></strong></span> <span class='ocrx_word' id='word_1_23' title='bbox 1114 662 1556 737; x_wconf 71' lang='grc' dir='ltr'><strong><em>ἆπολῶλασιν.</em></strong></span> <span class='ocrx_word' id='word_1_24' title='bbox 1615 663 1782 756; x_wconf 78' lang='grc' dir='ltr'><strong><em>πρὸς</em></strong></span> <span class='ocrx_word' id='word_1_25' title='bbox 1815 661 2180 736; x_wconf 70' lang='grc' dir='ltr'><strong><em>σύστασιν8</em></strong></span> <span class='ocrx_word' id='word_1_26' title='bbox 2213 663 2456 737; x_wconf 81' lang='grc' dir='ltr'><strong><em>τούτου</em></strong></span> <span class='ocrx_word' id='word_1_27' title='bbox 2495 666 2813 759; x_wconf 81' lang='grc' dir='ltr'><strong><em>δεύτερον</em></strong></span> 
     </span>
    </p>
   </div>
   <div class='ocr_carea' id='block_1_3' title="bbox 528 764 2811 860">
    <p class='ocr_par' dir='ltr' id='par_1_3' title="bbox 528 764 2811 860">
     <span class='ocr_line' id='line_1_4' title="bbox 528 764 2811 860; baseline 0 -18"><span class='ocrx_word' id='word_1_28' title='bbox 528 764 850 854; x_wconf 68' lang='grc' dir='ltr'><strong>«ιένέκυψε9</strong></span> <span class='ocrx_word' id='word_1_29' title='bbox 886 766 1132 859; x_wconf 78' lang='grc' dir='ltr'><strong><em>ζήτημα</em></strong></span> <span class='ocrx_word' id='word_1_30' title='bbox 1146 822 1165 857; x_wconf 91' lang='grc'><strong><em>,</em></strong></span> <span class='ocrx_word' id='word_1_31' title='bbox 1200 764 1301 838; x_wconf 81' lang='grc' dir='ltr'><strong>ὅτι</strong></span> <span class='ocrx_word' id='word_1_32' title='bbox 1338 770 1445 837; x_wconf 79' lang='grc' dir='ltr'><strong>ἐπὶ</strong></span> <span class='ocrx_word' id='word_1_33' title='bbox 1479 766 1810 858; x_wconf 84' lang='grc' dir='ltr'><strong><em>χρήμασιν</em></strong></span> <span class='ocrx_word' id='word_1_34' title='bbox 1847 774 2134 857; x_wconf 75' lang='grc' dir='ltr'><strong><em>Αἰσχίνῃ</em></strong></span> <span class='ocrx_word' id='word_1_35' title='bbox 2171 772 2366 839; x_wconf 82' lang='grc' dir='ltr'><strong><em>τοῦτο</em></strong></span> <span class='ocrx_word' id='word_1_36' title='bbox 2401 768 2811 860; x_wconf 79' lang='grc' dir='ltr'><strong><em>τετόλμηται,</em></strong></span> 
     </span>
    </p>
   </div>
   <div class='ocr_carea' id='block_1_4' title="bbox 528 863 2812 988">
    <p class='ocr_par' dir='ltr' id='par_1_4' title="bbox 528 863 2812 988">
     <span class='ocr_line' id='line_1_5' title="bbox 528 863 2812 988; baseline 0 -44"><span class='ocrx_word' id='word_1_37' title='bbox 528 902 622 956; x_wconf 87' lang='grc' dir='ltr'><strong>ως</strong></span> <span class='ocrx_word' id='word_1_38' title='bbox 674 870 999 943; x_wconf 80' lang='grc' dir='ltr'><strong><em>σύστασιν</em></strong></span> <span class='ocrx_word' id='word_1_39' title='bbox 1041 865 1419 959; x_wconf 80' lang='grc' dir='ltr'><strong>γίνεσθαι10</strong></span> <span class='ocrx_word' id='word_1_40' title='bbox 1454 863 1629 939; x_wconf 78' lang='grc' dir='ltr'><strong>τοῦιι</strong></span> <span class='ocrx_word' id='word_1_41' title='bbox 1679 871 2006 987; x_wconf 77' lang='grc' dir='ltr'><em>προτέρου</em></span> <span class='ocrx_word' id='word_1_42' title='bbox 2056 868 2457 988; x_wconf 53' lang='grc' dir='ltr'><strong><em>ἐγκλήματος</em></strong></span> <span class='ocrx_word' id='word_1_43' title='bbox 2491 875 2616 941; x_wconf 76' lang='grc' dir='ltr'><strong>τοῦ</strong></span> <span class='ocrx_word' id='word_1_44' title='bbox 2647 871 2812 943; x_wconf 75' lang='grc' dir='ltr'><strong><em>κατὰ</em></strong></span> 
     </span>
    </p>
   </div>
   <div class='ocr_carea' id='block_1_5' title="bbox 444 968 2814 1571">
    <p class='ocr_par' dir='ltr' id='par_1_5' title="bbox 448 968 2814 1469">
     <span class='ocr_line' id='line_1_6' title="bbox 532 968 2814 1063; baseline -0 -17"><span class='ocrx_word' id='word_1_45' title='bbox 532 976 822 1055; x_wconf 78' lang='grc' dir='ltr'><strong><em>Φωκέας.</em></strong></span> <span class='ocrx_word' id='word_1_46' title='bbox 880 971 1023 1063; x_wconf 78' lang='lat'>(12)</span> <span class='ocrx_word' id='word_1_47' title='bbox 1082 968 1413 1061; x_wconf 70' lang='grc' dir='ltr'><strong><em>Τεκμήρια</em></strong></span> <span class='ocrx_word' id='word_1_48' title='bbox 1458 975 1596 1041; x_wconf 77' lang='grc' dir='ltr'><strong><em>ἐστι</em></strong></span> <span class='ocrx_word' id='word_1_49' title='bbox 1643 973 1768 1039; x_wconf 77' lang='grc' dir='ltr'><strong>τοῦ</strong></span> <span class='ocrx_word' id='word_1_50' title='bbox 1811 969 2014 1041; x_wconf 79' lang='grc' dir='ltr'><strong><em>πάλαι</em></strong></span> <span class='ocrx_word' id='word_1_51' title='bbox 2049 974 2258 1041; x_wconf 81' lang='grc' dir='ltr'><strong><em>ταῦτα</em></strong></span> <span class='ocrx_word' id='word_1_52' title='bbox 2308 975 2814 1062; x_wconf 78' lang='grc' dir='ltr'><strong><em>ἐσκευωρῆσθαι</em></strong></span> 
     </span>
     <span class='ocr_line' id='line_1_7' title="bbox 448 1068 2813 1165; baseline 0 -19"><span class='ocrx_word' id='word_1_53' title='bbox 448 1107 495 1146; x_wconf 84' lang='grc' dir='ltr'><strong><em>ιο</em></strong></span> <span class='ocrx_word' id='word_1_54' title='bbox 530 1078 642 1147; x_wconf 82' lang='grc' dir='ltr'><strong>καὶ</strong></span> <span class='ocrx_word' id='word_1_55' title='bbox 676 1071 1244 1161; x_wconf 75' lang='grc' dir='ltr'><strong><em>κατεσκευάσθαι,</em></strong></span> <span class='ocrx_word' id='word_1_56' title='bbox 1299 1068 1391 1143; x_wconf 88' lang='grc' dir='ltr'><strong><em>δι’</em></strong></span> <span class='ocrx_word' id='word_1_57' title='bbox 1432 1100 1529 1143; x_wconf 90' lang='grc' dir='ltr'><strong>ων</strong></span> <span class='ocrx_word' id='word_1_58' title='bbox 1575 1068 1710 1160; x_wconf 79' lang='grc' dir='ltr'><strong>ἅμα</strong></span> <span class='ocrx_word' id='word_1_59' title='bbox 1745 1074 1857 1141; x_wconf 80' lang='grc' dir='ltr'><strong>καὶ</strong></span> <span class='ocrx_word' id='word_1_60' title='bbox 1893 1090 2290 1163; x_wconf 87' lang='grc' dir='ltr'><strong><em>προαναιρεῖ</em></strong></span> <span class='ocrx_word' id='word_1_61' title='bbox 2319 1070 2392 1144; x_wconf 70' lang='lat' dir='ltr'><strong>ui</strong></span> <span class='ocrx_word' id='word_1_62' title='bbox 2426 1078 2658 1165; x_wconf 74' lang='grc' dir='ltr'><strong><em>χρῶμα</em></strong></span> <span class='ocrx_word' id='word_1_63' title='bbox 2694 1084 2813 1146; x_wconf 83' lang='grc' dir='ltr'><strong><em>Αί-</em></strong></span> 
     </span>
     <span class='ocr_line' id='line_1_8' title="bbox 525 1173 2812 1268; baseline -0.001 -19"><span class='ocrx_word' id='word_1_64' title='bbox 525 1184 761 1268; x_wconf 80' lang='grc' dir='ltr'><strong><em>σχίνου</em></strong></span> <span class='ocrx_word' id='word_1_65' title='bbox 774 1230 794 1265; x_wconf 86' lang='grc'><strong><em>,</em></strong></span> <span class='ocrx_word' id='word_1_66' title='bbox 842 1173 1379 1264; x_wconf 75' lang='grc' dir='ltr'><strong><em>καταφεύγοντος</em></strong></span> <span class='ocrx_word' id='word_1_67' title='bbox 1424 1176 1531 1244; x_wconf 81' lang='grc' dir='ltr'><strong>ἐπὶ</strong></span> <span class='ocrx_word' id='word_1_68' title='bbox 1579 1202 1858 1262; x_wconf 88' lang='grc' dir='ltr'><strong><em>αγνοιαν</em></strong></span> <span class='ocrx_word' id='word_1_69' title='bbox 1892 1176 2004 1244; x_wconf 82' lang='grc' dir='ltr'><strong>καὶ</strong></span> <span class='ocrx_word' id='word_1_70' title='bbox 2037 1173 2460 1264; x_wconf 72' lang='grc' dir='ltr'><strong><em>συγγνώμην.</em></strong></span> <span class='ocrx_word' id='word_1_71' title='bbox 2516 1179 2628 1246; x_wconf 80' lang='grc' dir='ltr'><strong>καὶ</strong></span> <span class='ocrx_word' id='word_1_72' title='bbox 2661 1176 2812 1247; x_wconf 79' lang='grc' dir='ltr'><strong><em>τού-</em></strong></span> 
     </span>
     <span class='ocr_line' id='line_1_9' title="bbox 526 1274 2813 1369; baseline 0 -20"><span class='ocrx_word' id='word_1_73' title='bbox 526 1308 662 1349; x_wconf 89' lang='grc' dir='ltr'><strong>των</strong></span> <span class='ocrx_word' id='word_1_74' title='bbox 704 1276 787 1349; x_wconf 74' lang='grc' dir='ltr'><strong>τὰ</strong></span> <span class='ocrx_word' id='word_1_75' title='bbox 830 1278 956 1369; x_wconf 72' lang='grc' dir='ltr'><strong>μὲν</strong></span> <span class='ocrx_word' id='word_1_76' title='bbox 1004 1280 1077 1347; x_wconf 74' lang='grc' dir='ltr'><strong>ἐκ</strong></span> <span class='ocrx_word' id='word_1_77' title='bbox 1119 1278 1257 1347; x_wconf 73' lang='grc' dir='ltr'><strong>τῶν</strong></span> <span class='ocrx_word' id='word_1_78' title='bbox 1291 1278 1712 1365; x_wconf 77' lang='grc' dir='ltr'><strong><em>παρειμένων</em></strong></span> <span class='ocrx_word' id='word_1_79' title='bbox 1751 1284 2019 1365; x_wconf 67' lang='grc' dir='ltr'><strong><em>εἴληφε,</em></strong></span> <span class='ocrx_word' id='word_1_80' title='bbox 2057 1274 2138 1346; x_wconf 74' lang='grc' dir='ltr'><strong>τὰ</strong></span> <span class='ocrx_word' id='word_1_81' title='bbox 2175 1278 2250 1347; x_wconf 73' lang='grc' dir='ltr'><strong>δὲ</strong></span> <span class='ocrx_word' id='word_1_82' title='bbox 2287 1280 2357 1346; x_wconf 79' lang='grc' dir='ltr'><strong>ἐκ</strong></span> <span class='ocrx_word' id='word_1_83' title='bbox 2393 1279 2528 1347; x_wconf 68' lang='grc' dir='ltr'><strong>τῶν</strong></span> <span class='ocrx_word' id='word_1_84' title='bbox 2563 1304 2813 1369; x_wconf 86' lang='grc' dir='ltr'><strong><em>πεπρα-</em></strong></span> 
     </span>
     <span class='ocr_line' id='line_1_10' title="bbox 525 1374 2814 1469; baseline -0 -18.981"><span class='ocrx_word' id='word_1_85' title='bbox 525 1382 809 1469; x_wconf 78' lang='grc' dir='ltr'><strong><em>γμένων.</em></strong></span> <span class='ocrx_word' id='word_1_86' title='bbox 858 1394 1135 1451; x_wconf 71' lang='grc' dir='ltr'><strong><em>συνεῖπε</em></strong></span> <span class='ocrx_word' id='word_1_87' title='bbox 1168 1374 1295 1468; x_wconf 73' lang='grc' dir='ltr'><strong><em>γὰρ</em></strong></span> <span class='ocrx_word' id='word_1_88' title='bbox 1335 1375 1728 1466; x_wconf 75' lang='grc' dir='ltr'><strong><em>Φιλοκράτει</em></strong></span> <span class='ocrx_word' id='word_1_89' title='bbox 1763 1374 1928 1448; x_wconf 75' lang='grc' dir='ltr'><strong><em>ἄνευ</em></strong></span> <span class='ocrx_word' id='word_1_90' title='bbox 1962 1380 2258 1448; x_wconf 81' lang='grc' dir='ltr'><strong><em>Φωκέων</em></strong></span> <span class='ocrx_word' id='word_1_91' title='bbox 2291 1375 2652 1467; x_wconf 70' lang='grc' dir='ltr'><strong>γράφοντι1</strong></span> <span class='ocrx_word' id='word_1_92' title='bbox 2689 1378 2814 1469; x_wconf 82' lang='grc' dir='ltr'><strong>τὴν</strong></span> 
     </span>
    </p>

    <p class='ocr_par' dir='ltr' id='par_1_6' title="bbox 444 1476 2814 1571">
     <span class='ocr_line' id='line_1_11' title="bbox 444 1476 2814 1571; baseline 0.001 -21"><span class='ocrx_word' id='word_1_93' title='bbox 444 1508 492 1551; x_wconf 68' lang='grc' dir='ltr'><strong>ιε</strong></span> <span class='ocrx_word' id='word_1_94' title='bbox 528 1479 822 1571; x_wconf 76' lang='grc' dir='ltr'><strong><em>εἰρήνην.</em></strong></span> <span class='ocrx_word' id='word_1_95' title='bbox 893 1510 1019 1551; x_wconf 87' lang='grc' dir='ltr'><strong><em>ουκ</em></strong></span> <span class='ocrx_word' id='word_1_96' title='bbox 1068 1486 1309 1568; x_wconf 82' lang='grc' dir='ltr'><strong><em>ἔλαβεν</em></strong></span> <span class='ocrx_word' id='word_1_97' title='bbox 1356 1476 1598 1569; x_wconf 82' lang='grc' dir='ltr'><strong><em>ὅρκους</em></strong></span> <span class='ocrx_word' id='word_1_98' title='bbox 1643 1506 1823 1569; x_wconf 88' lang='grc' dir='ltr'><strong><em>παρα</em></strong></span> <span class='ocrx_word' id='word_1_99' title='bbox 1872 1482 2224 1551; x_wconf 73' lang='grc' dir='ltr'><strong><em>Θετταλῶν</em></strong></span> <span class='ocrx_word' id='word_1_100' title='bbox 2281 1479 2814 1570; x_wconf 78' lang='grc' dir='ltr'><strong><em>συμμαχούντων</em></strong></span> 
     </span>
    </p>
   </div>
   <div class='ocr_carea' id='block_1_6' title="bbox 530 1576 2813 1677">
    <p class='ocr_par' dir='ltr' id='par_1_7' title="bbox 530 1576 2813 1677">
     <span class='ocr_line' id='line_1_12' title="bbox 530 1576 2813 1677; baseline -0 -22"><span class='ocrx_word' id='word_1_101' title='bbox 530 1591 843 1677; x_wconf 79' lang='grc' dir='ltr'><strong><em>Φιλίππῳ</em></strong></span> <span class='ocrx_word' id='word_1_102' title='bbox 860 1636 878 1672; x_wconf 92' lang='grc'><strong><em>,</em></strong></span> <span class='ocrx_word' id='word_1_103' title='bbox 926 1590 995 1653; x_wconf 83' lang='grc' dir='ltr'><strong><em>οἳ</em></strong></span> <span class='ocrx_word' id='word_1_104' title='bbox 1024 1577 1151 1652; x_wconf 79' lang='grc' dir='ltr'><strong><em>οὐκ</em></strong></span> <span class='ocrx_word' id='word_1_105' title='bbox 1196 1610 1283 1652; x_wconf 89' lang='grc' dir='ltr'><strong>αν</strong></span> <span class='ocrx_word' id='word_1_106' title='bbox 1316 1579 1898 1672; x_wconf 84' lang='grc' dir='ltr'><strong><em>συνεστρατευσαν</em></strong></span> <span class='ocrx_word' id='word_1_107' title='bbox 1934 1584 2041 1651; x_wconf 76' lang='grc' dir='ltr'><strong>ἐπὶ</strong></span> <span class='ocrx_word' id='word_1_108' title='bbox 2078 1583 2352 1662; x_wconf 78' lang='grc' dir='ltr'><strong><em>Φωκέας</em></strong></span> <span class='ocrx_word' id='word_1_109' title='bbox 2369 1635 2388 1669; x_wconf 90' lang='grc'><strong><em>,</em></strong></span> <span class='ocrx_word' id='word_1_110' title='bbox 2441 1576 2672 1673; x_wconf 74' lang='grc' dir='ltr'><strong>εἴπερ2</strong></span> <span class='ocrx_word' id='word_1_111' title='bbox 2709 1590 2813 1654; x_wconf 87' lang='grc' dir='ltr'><strong>δε-</strong></span> 
     </span>
    </p>
   </div>
   <div class='ocr_carea' id='block_1_7' title="bbox 528 1674 2812 1775">
    <p class='ocr_par' dir='ltr' id='par_1_8' title="bbox 528 1674 2812 1775">
     <span class='ocr_line' id='line_1_13' title="bbox 528 1674 2812 1775; baseline 0 -20"><span class='ocrx_word' id='word_1_112' title='bbox 528 1681 817 1767; x_wconf 87' lang='grc' dir='ltr'><strong><em>δωκότες</em></strong></span> <span class='ocrx_word' id='word_1_113' title='bbox 863 1674 1039 1773; x_wconf 83' lang='grc' dir='ltr'><strong><em>ἦσαν</em></strong></span> <span class='ocrx_word' id='word_1_114' title='bbox 1082 1679 1238 1764; x_wconf 79' lang='grc' dir='ltr'><strong>τούς</strong></span> <span class='ocrx_word' id='word_1_115' title='bbox 1284 1679 1544 1774; x_wconf 82' lang='grc' dir='ltr'><strong><em>ὅρκους.</em></strong></span> <span class='ocrx_word' id='word_1_116' title='bbox 1621 1684 1904 1752; x_wconf 81' lang='grc' dir='ltr'><strong><em>ἐνέδωκε</em></strong></span> <span class='ocrx_word' id='word_1_117' title='bbox 1943 1690 2254 1753; x_wconf 77' lang='grc' dir='ltr'><strong><em>Φιλίππω</em></strong></span> <span class='ocrx_word' id='word_1_118' title='bbox 2291 1676 2571 1773; x_wconf 74' lang='grc' dir='ltr'><strong>χρόνον3</strong></span> <span class='ocrx_word' id='word_1_119' title='bbox 2605 1711 2812 1775; x_wconf 87' lang='grc' dir='ltr'><strong><em>παρα-</em></strong></span> 
     </span>
    </p>
   </div>
   <div class='ocr_carea' id='block_1_8' title="bbox 440 1782 2815 2388">
    <p class='ocr_par' dir='ltr' id='par_1_9' title="bbox 440 1782 2815 2388">
     <span class='ocr_line' id='line_1_14' title="bbox 526 1782 2812 1874; baseline 0.001 -19"><span class='ocrx_word' id='word_1_120' title='bbox 526 1784 985 1859; x_wconf 73' lang='grc' dir='ltr'><strong><em>σκευασασθαι</em></strong></span> <span class='ocrx_word' id='word_1_121' title='bbox 1020 1783 1145 1874; x_wconf 80' lang='grc' dir='ltr'><strong>τὴν</strong></span> <span class='ocrx_word' id='word_1_122' title='bbox 1182 1788 1289 1855; x_wconf 81' lang='grc' dir='ltr'><strong>ἐπὶ</strong></span> <span class='ocrx_word' id='word_1_123' title='bbox 1303 1787 1580 1865; x_wconf 79' lang='grc' dir='ltr'><strong><em>Φωκέας</em></strong></span> <span class='ocrx_word' id='word_1_124' title='bbox 1613 1792 1982 1873; x_wconf 78' lang='grc' dir='ltr'><strong><em>στρατείαν.</em></strong></span> <span class='ocrx_word' id='word_1_125' title='bbox 2042 1787 2337 1874; x_wconf 78' lang='grc' dir='ltr'><strong><em>διέτριψε</em></strong></span> <span class='ocrx_word' id='word_1_126' title='bbox 2370 1782 2499 1874; x_wconf 77' lang='grc' dir='ltr'><strong><em>γὰρ</em></strong></span> <span class='ocrx_word' id='word_1_127' title='bbox 2525 1782 2812 1868; x_wconf 61' lang='grc' dir='ltr'><strong>ἐκεῖνος4</strong></span> 
     </span>
     <span class='ocr_line' id='line_1_15' title="bbox 440 1882 2812 1977; baseline 0.001 -21"><span class='ocrx_word' id='word_1_128' title='bbox 440 1916 493 1957; x_wconf 80' lang='lat'><strong>20</strong></span> <span class='ocrx_word' id='word_1_129' title='bbox 525 1886 683 1969; x_wconf 80' lang='grc' dir='ltr'><strong>τούς</strong></span> <span class='ocrx_word' id='word_1_130' title='bbox 727 1886 1011 1977; x_wconf 86' lang='grc' dir='ltr'><strong><em>χρόνους</em></strong></span> <span class='ocrx_word' id='word_1_131' title='bbox 1059 1890 1435 1975; x_wconf 77' lang='grc' dir='ltr'><strong><em>ἐξεπίτηδες</em></strong></span> <span class='ocrx_word' id='word_1_132' title='bbox 1496 1882 1912 1975; x_wconf 74' lang='grc' dir='ltr'><strong><em>ἀναλίσκων,</em></strong></span> <span class='ocrx_word' id='word_1_133' title='bbox 1971 1892 2086 1957; x_wconf 78' lang='grc' dir='ltr'><strong>ἵνα</strong></span> <span class='ocrx_word' id='word_1_134' title='bbox 2141 1883 2230 1976; x_wconf 77' lang='grc' dir='ltr'><strong>μὴ</strong></span> <span class='ocrx_word' id='word_1_135' title='bbox 2288 1886 2728 1977; x_wconf 83' lang='grc' dir='ltr'><strong><em>περιπλεύσας</em></strong></span> <span class='ocrx_word' id='word_1_136' title='bbox 2775 1882 2812 1959; x_wconf 81' lang='grc' dir='ltr'><em>ὅ</em></span> 
     </span>
     <span class='ocr_line' id='line_1_16' title="bbox 528 1983 2815 2078; baseline 0.001 -20"><span class='ocrx_word' id='word_1_137' title='bbox 528 1991 735 2078; x_wconf 82' lang='grc' dir='ltr'><strong><em>δῆμος</em></strong></span> <span class='ocrx_word' id='word_1_138' title='bbox 782 1983 1051 2077; x_wconf 71' lang='grc' dir='ltr'><strong>κλείσῃ5</strong></span> <span class='ocrx_word' id='word_1_139' title='bbox 1097 1984 1213 2067; x_wconf 75' lang='grc' dir='ltr'><strong>τὰς</strong></span> <span class='ocrx_word' id='word_1_140' title='bbox 1262 1984 1514 2067; x_wconf 83' lang='grc' dir='ltr'><strong><em>Πύλας.</em></strong></span> <span class='ocrx_word' id='word_1_141' title='bbox 1591 1985 1954 2076; x_wconf 78' lang='grc' dir='ltr'><strong><em>ἐξηπάτησε</em></strong></span> <span class='ocrx_word' id='word_1_142' title='bbox 1999 1984 2122 2076; x_wconf 84' lang='grc' dir='ltr'><strong>τὴν</strong></span> <span class='ocrx_word' id='word_1_143' title='bbox 2181 1986 2376 2058; x_wconf 87' lang='grc' dir='ltr'><strong><em>πόλιν</em></strong></span> <span class='ocrx_word' id='word_1_144' title='bbox 2421 1987 2815 2061; x_wconf 66' lang='grc' dir='ltr'><strong><em>ἐπανελθών</em></strong></span> 
     </span>
     <span class='ocr_line' id='line_1_17' title="bbox 526 2082 2811 2179; baseline 0.001 -20"><span class='ocrx_word' id='word_1_145' title='bbox 526 2082 873 2177; x_wconf 57' lang='grc' dir='ltr'><strong><em>ἐπίτηδεςθ</em></strong></span> <span class='ocrx_word' id='word_1_146' title='bbox 934 2095 1181 2168; x_wconf 79' lang='grc' dir='ltr'><strong><em>διτταῖς</em></strong></span> <span class='ocrx_word' id='word_1_147' title='bbox 1232 2092 1447 2158; x_wconf 78' lang='grc' dir='ltr'><strong><em>ἐλπίσι</em></strong></span> <span class='ocrx_word' id='word_1_148' title='bbox 1464 2142 1483 2177; x_wconf 83' lang='grc'><strong><em>,</em></strong></span> <span class='ocrx_word' id='word_1_149' title='bbox 1530 2092 1651 2179; x_wconf 75' lang='grc' dir='ltr'><strong><em>μιᾷ</em></strong></span> <span class='ocrx_word' id='word_1_150' title='bbox 1695 2088 1820 2176; x_wconf 71' lang='grc' dir='ltr'><strong>μὲν</strong></span> <span class='ocrx_word' id='word_1_151' title='bbox 1863 2084 1964 2159; x_wconf 81' lang='grc' dir='ltr'><strong>ὅτι</strong></span> <span class='ocrx_word' id='word_1_152' title='bbox 2013 2085 2416 2159; x_wconf 74' lang='grc' dir='ltr'><strong><em>ἀπολοῦνται</em></strong></span> <span class='ocrx_word' id='word_1_153' title='bbox 2466 2097 2750 2178; x_wconf 73' lang='grc' dir='ltr'><strong><em>Θηβαῖοι</em></strong></span> <span class='ocrx_word' id='word_1_154' title='bbox 2763 2084 2811 2177; x_wconf 87' lang='lat'><strong>‚⁷</strong></span> 
     </span>
     <span class='ocr_line' id='line_1_18' title="bbox 528 2185 2814 2281; baseline 0.001 -21"><span class='ocrx_word' id='word_1_155' title='bbox 528 2192 723 2281; x_wconf 73' lang='grc' dir='ltr'><strong><em>ἑτέρᾳ</em></strong></span> <span class='ocrx_word' id='word_1_156' title='bbox 773 2192 881 2276; x_wconf 83' lang='grc' dir='ltr'><strong>δέ,</strong></span> <span class='ocrx_word' id='word_1_157' title='bbox 930 2186 1033 2260; x_wconf 80' lang='grc' dir='ltr'><strong>ὅτι</strong></span> <span class='ocrx_word' id='word_1_158' title='bbox 1081 2199 1341 2270; x_wconf 79' lang='grc' dir='ltr'><strong><em>Φωκεῖς</em></strong></span> <span class='ocrx_word' id='word_1_159' title='bbox 1386 2188 1847 2277; x_wconf 77' lang='grc' dir='ltr'><strong><em>σωθήσονται,</em></strong></span> <span class='ocrx_word' id='word_1_160' title='bbox 1897 2185 2059 2269; x_wconf 72' lang='grc' dir='ltr'><strong><em>ὥςτε</em></strong></span> <span class='ocrx_word' id='word_1_161' title='bbox 2103 2187 2194 2281; x_wconf 77' lang='grc' dir='ltr'><strong>μὴ</strong></span> <span class='ocrx_word' id='word_1_162' title='bbox 2232 2194 2622 2279; x_wconf 78' lang='grc' dir='ltr'><strong><em>ἐγγενέσθαι</em></strong></span> <span class='ocrx_word' id='word_1_163' title='bbox 2655 2199 2814 2281; x_wconf 81' lang='grc' dir='ltr'><strong><em>βου·</em></strong></span> 
     </span>
     <span class='ocr_line' id='line_1_19' title="bbox 528 2286 2812 2388; baseline 0.001 -27"><span class='ocrx_word' id='word_1_164' title='bbox 528 2289 908 2362; x_wconf 78' lang='grc' dir='ltr'><strong><em>λεύσασθαί</em></strong></span> <span class='ocrx_word' id='word_1_165' title='bbox 948 2320 1009 2361; x_wconf 92' lang='grc' dir='ltr'><strong>τι</strong></span> <span class='ocrx_word' id='word_1_166' title='bbox 1062 2288 1280 2375; x_wconf 80' lang='grc' dir='ltr'><strong><em>δεξιὰν</em></strong></span> <span class='ocrx_word' id='word_1_167' title='bbox 1325 2286 1497 2380; x_wconf 71' lang='grc' dir='ltr'><strong><em>ὑπὲρ</em></strong></span> <span class='ocrx_word' id='word_1_168' title='bbox 1547 2294 1857 2362; x_wconf 76' lang='grc' dir='ltr'><strong><em>Φωκέων.</em></strong></span> <span class='ocrx_word' id='word_1_169' title='bbox 1942 2291 2086 2361; x_wconf 79' lang='grc' dir='ltr'><strong><em>εἶπε</em></strong></span> <span class='ocrx_word' id='word_1_170' title='bbox 2130 2288 2256 2381; x_wconf 75' lang='grc' dir='ltr'><strong><em>γὰρ</em></strong></span> <span class='ocrx_word' id='word_1_171' title='bbox 2306 2297 2452 2363; x_wconf 75' lang='grc' dir='ltr'><strong><em>δεῖν</em></strong></span> <span class='ocrx_word' id='word_1_172' title='bbox 2501 2300 2812 2388; x_wconf 75' lang='grc' dir='ltr'><strong><em>Φιλίππῳ</em></strong></span> 
     </span>
    </p>
   </div>
   <div class='ocr_carea' id='block_1_9' title="bbox 524 2479 2813 3738">
    <p class='ocr_par' dir='ltr' id='par_1_10' title="bbox 524 2479 2813 3738">
     <span class='ocr_line' id='line_1_20' title="bbox 524 2479 2812 2554; baseline 0 -18"><span class='ocrx_word' id='word_1_173' title='bbox 524 2479 784 2541; x_wconf 87' lang='lat' dir='ltr'><strong>censium.</strong></span> <span class='ocrx_word' id='word_1_174' title='bbox 816 2487 867 2535; x_wconf 84' lang='lat' dir='ltr'><strong>et</strong></span> <span class='ocrx_word' id='word_1_175' title='bbox 900 2488 1119 2554; x_wconf 87' lang='lat' dir='ltr'><strong>accepta</strong></span> <span class='ocrx_word' id='word_1_176' title='bbox 1150 2497 1389 2536; x_wconf 86' lang='lat' dir='ltr'><strong>munera.</strong></span> <span class='ocrx_word' id='word_1_177' title='bbox 1436 2479 1726 2536; x_wconf 83' lang='lat' dir='ltr'><strong>Sciendum</strong></span> <span class='ocrx_word' id='word_1_178' title='bbox 1751 2487 1836 2534; x_wconf 88' lang='lat' dir='ltr'><strong>est</strong></span> <span class='ocrx_word' id='word_1_179' title='bbox 1867 2487 2046 2534; x_wconf 88' lang='lat' dir='ltr'><strong>autem</strong></span> <span class='ocrx_word' id='word_1_180' title='bbox 2074 2481 2422 2552; x_wconf 89' lang='lat' dir='ltr'><strong>praecipuum</strong></span> <span class='ocrx_word' id='word_1_181' title='bbox 2455 2495 2576 2536; x_wconf 85' lang='lat' dir='ltr'><strong>esse</strong></span> <span class='ocrx_word' id='word_1_182' title='bbox 2605 2483 2812 2538; x_wconf 82' lang='lat' dir='ltr'>crimen</span> 
     </span>
     <span class='ocr_line' id='line_1_21' title="bbox 528 2561 2813 2639; baseline 0.001 -20"><span class='ocrx_word' id='word_1_183' title='bbox 528 2565 806 2620; x_wconf 87' lang='lat' dir='ltr'><strong>interitum</strong></span> <span class='ocrx_word' id='word_1_184' title='bbox 838 2563 1213 2621; x_wconf 77' lang='lat' dir='ltr'><strong>phocensium.</strong></span> <span class='ocrx_word' id='word_1_185' title='bbox 1275 2565 1339 2620; x_wconf 91' lang='lat' dir='ltr'><strong>ad</strong></span> <span class='ocrx_word' id='word_1_186' title='bbox 1374 2565 1533 2620; x_wconf 88' lang='lat' dir='ltr'><strong>huius</strong></span> <span class='ocrx_word' id='word_1_187' title='bbox 1557 2561 1931 2638; x_wconf 73' lang='lat' dir='ltr'><strong>probationem</strong></span> <span class='ocrx_word' id='word_1_188' title='bbox 1964 2563 2132 2620; x_wconf 87' lang='lat' dir='ltr'><strong>altera</strong></span> <span class='ocrx_word' id='word_1_189' title='bbox 2164 2565 2414 2637; x_wconf 76' lang='lat' dir='ltr'><strong>quaestio</strong></span> <span class='ocrx_word' id='word_1_190' title='bbox 2446 2565 2652 2628; x_wconf 80' lang='lat' dir='ltr'><strong>incidit,</strong></span> <span class='ocrx_word' id='word_1_191' title='bbox 2685 2583 2813 2639; x_wconf 91' lang='lat' dir='ltr'><strong>pro-</strong></span> 
     </span>
     <span class='ocr_line' id='line_1_22' title="bbox 528 2648 2813 2723; baseline 0 -18"><span class='ocrx_word' id='word_1_192' title='bbox 528 2657 649 2723; x_wconf 89' lang='lat' dir='ltr'><strong>pter</strong></span> <span class='ocrx_word' id='word_1_193' title='bbox 678 2652 960 2723; x_wconf 77' lang='lat' dir='ltr'><strong>pecuniam</strong></span> <span class='ocrx_word' id='word_1_194' title='bbox 984 2650 1307 2704; x_wconf 80' lang='lat' dir='ltr'><strong>Aeschinem</strong></span> <span class='ocrx_word' id='word_1_195' title='bbox 1332 2649 1384 2704; x_wconf 89' lang='lat' dir='ltr'><strong>id</strong></span> <span class='ocrx_word' id='word_1_196' title='bbox 1417 2665 1537 2704; x_wconf 82' lang='lat' dir='ltr'><strong>esse</strong></span> <span class='ocrx_word' id='word_1_197' title='bbox 1570 2663 1780 2708; x_wconf 88' lang='lat' dir='ltr'><strong>ausum,</strong></span> <span class='ocrx_word' id='word_1_198' title='bbox 1807 2655 1866 2702; x_wconf 85' lang='lat' dir='ltr'><strong>ut</strong></span> <span class='ocrx_word' id='word_1_199' title='bbox 1895 2648 2161 2722; x_wconf 74' lang='lat' dir='ltr'><strong>probetur</strong></span> <span class='ocrx_word' id='word_1_200' title='bbox 2185 2649 2336 2721; x_wconf 88' lang='lat' dir='ltr'><strong>prius</strong></span> <span class='ocrx_word' id='word_1_201' title='bbox 2359 2649 2560 2704; x_wconf 85' lang='lat' dir='ltr'><strong>crimen</strong></span> <span class='ocrx_word' id='word_1_202' title='bbox 2585 2649 2651 2705; x_wconf 88' lang='lat' dir='ltr'><strong>de</strong></span> <span class='ocrx_word' id='word_1_203' title='bbox 2675 2649 2813 2706; x_wconf 90' lang='lat' dir='ltr'><strong>Pho-</strong></span> 
     </span>
     <span class='ocr_line' id='line_1_23' title="bbox 526 2729 2810 2808; baseline 0 -18"><span class='ocrx_word' id='word_1_204' title='bbox 526 2733 797 2790; x_wconf 86' lang='lat' dir='ltr'><strong>censibus.</strong></span> <span class='ocrx_word' id='word_1_205' title='bbox 870 2729 974 2808; x_wconf 85' lang='lat'><strong>(12)</strong></span> <span class='ocrx_word' id='word_1_206' title='bbox 1020 2733 1357 2806; x_wconf 78' lang='lat' dir='ltr'><strong>Argumento</strong></span> <span class='ocrx_word' id='word_1_207' title='bbox 1390 2741 1519 2788; x_wconf 88' lang='lat' dir='ltr'><strong>sunt</strong></span> <span class='ocrx_word' id='word_1_208' title='bbox 1551 2733 1639 2789; x_wconf 88' lang='lat' dir='ltr'><strong>illa</strong></span> <span class='ocrx_word' id='word_1_209' title='bbox 1671 2732 1761 2788; x_wconf 89' lang='lat' dir='ltr'><strong>diu</strong></span> <span class='ocrx_word' id='word_1_210' title='bbox 1793 2739 2102 2805; x_wconf 85' lang='lat' dir='ltr'><strong>comparata</strong></span> <span class='ocrx_word' id='word_1_211' title='bbox 2136 2740 2192 2787; x_wconf 90' lang='lat' dir='ltr'><strong>et</strong></span> <span class='ocrx_word' id='word_1_212' title='bbox 2221 2735 2488 2790; x_wconf 85' lang='lat' dir='ltr'><strong>instructa</strong></span> <span class='ocrx_word' id='word_1_213' title='bbox 2517 2749 2669 2796; x_wconf 86' lang='lat' dir='ltr'><strong>esse,</strong></span> <span class='ocrx_word' id='word_1_214' title='bbox 2701 2752 2810 2808; x_wconf 86' lang='lat' dir='ltr'><strong>quo</strong></span> 
     </span>
     <span class='ocr_line' id='line_1_24' title="bbox 526 2815 2812 2892; baseline 0 -17"><span class='ocrx_word' id='word_1_215' title='bbox 526 2826 848 2892; x_wconf 80' lang='lat' dir='ltr'><strong>argumento</strong></span> <span class='ocrx_word' id='word_1_216' title='bbox 882 2819 1040 2874; x_wconf 88' lang='lat' dir='ltr'><strong>simul</strong></span> <span class='ocrx_word' id='word_1_217' title='bbox 1074 2821 1233 2874; x_wconf 86' lang='lat' dir='ltr'><strong>etiam</strong></span> <span class='ocrx_word' id='word_1_218' title='bbox 1270 2818 1411 2873; x_wconf 85' lang='lat' dir='ltr'><strong>tollit</strong></span> <span class='ocrx_word' id='word_1_219' title='bbox 1441 2817 1724 2872; x_wconf 80' lang='lat' dir='ltr'><strong>Aeschinis</strong></span> <span class='ocrx_word' id='word_1_220' title='bbox 1766 2816 2034 2878; x_wconf 83' lang='lat' dir='ltr'><strong>colorem,</strong></span> <span class='ocrx_word' id='word_1_221' title='bbox 2079 2815 2144 2872; x_wconf 87' lang='lat' dir='ltr'><strong>ad</strong></span> <span class='ocrx_word' id='word_1_222' title='bbox 2187 2819 2582 2890; x_wconf 74' lang='lat' dir='ltr'><strong>ignorationem</strong></span> <span class='ocrx_word' id='word_1_223' title='bbox 2625 2826 2680 2874; x_wconf 85' lang='lat' dir='ltr'><strong>et</strong></span> <span class='ocrx_word' id='word_1_224' title='bbox 2720 2819 2812 2875; x_wconf 89' lang='lat' dir='ltr'><strong>de·</strong></span> 
     </span>
     <span class='ocr_line' id='line_1_25' title="bbox 528 2901 2810 2978; baseline 0.001 -20"><span class='ocrx_word' id='word_1_225' title='bbox 528 2905 895 2978; x_wconf 78' lang='lat' dir='ltr'><strong>precationem</strong></span> <span class='ocrx_word' id='word_1_226' title='bbox 928 2902 1316 2974; x_wconf 66' lang='lat' dir='ltr'><strong>confugientis</strong></span> <span class='ocrx_word' id='word_1_227' title='bbox 1381 2909 1546 2974; x_wconf 88' lang='lat' dir='ltr'><strong>atque</strong></span> <span class='ocrx_word' id='word_1_228' title='bbox 1577 2903 2020 2973; x_wconf 77' lang='lat' dir='ltr'><strong>argumentorum</strong></span> <span class='ocrx_word' id='word_1_229' title='bbox 2054 2901 2154 2958; x_wconf 87' lang='lat' dir='ltr'><strong>alia</strong></span> <span class='ocrx_word' id='word_1_230' title='bbox 2187 2917 2216 2955; x_wconf 90' lang='lat' dir='ltr'><strong>e</strong></span> <span class='ocrx_word' id='word_1_231' title='bbox 2247 2903 2677 2975; x_wconf 87' lang='lat' dir='ltr'><strong>praetermissis,</strong></span> <span class='ocrx_word' id='word_1_232' title='bbox 2711 2903 2810 2960; x_wconf 86' lang='lat' dir='ltr'><strong>alia</strong></span> 
     </span>
     <span class='ocr_line' id='line_1_26' title="bbox 524 2985 2810 3062; baseline 0.001 -20"><span class='ocrx_word' id='word_1_233' title='bbox 524 3003 555 3042; x_wconf 88' lang='lat' dir='ltr'><strong>e</strong></span> <span class='ocrx_word' id='word_1_234' title='bbox 599 2988 756 3043; x_wconf 80' lang='lat' dir='ltr'><strong>sactis</strong></span> <span class='ocrx_word' id='word_1_235' title='bbox 798 2989 983 3061; x_wconf 89' lang='lat' dir='ltr'><strong>petiit:</strong></span> <span class='ocrx_word' id='word_1_236' title='bbox 1030 2987 1175 3060; x_wconf 91' lang='lat' dir='ltr'><strong>quod</strong></span> <span class='ocrx_word' id='word_1_237' title='bbox 1219 2987 1595 3062; x_wconf 79' lang='lat' dir='ltr'><strong>patrocinatus</strong></span> <span class='ocrx_word' id='word_1_238' title='bbox 1639 2986 1806 3041; x_wconf 79' lang='lat' dir='ltr'><strong>suerit</strong></span> <span class='ocrx_word' id='word_1_239' title='bbox 1834 2985 2126 3042; x_wconf 80' lang='lat' dir='ltr'><strong>Philocrati</strong></span> <span class='ocrx_word' id='word_1_240' title='bbox 2157 3002 2342 3060; x_wconf 85' lang='lat' dir='ltr'><strong>pacem</strong></span> <span class='ocrx_word' id='word_1_241' title='bbox 2375 2987 2491 3042; x_wconf 90' lang='lat' dir='ltr'><strong>sine</strong></span> <span class='ocrx_word' id='word_1_242' title='bbox 2519 2986 2810 3044; x_wconf 86' lang='lat' dir='ltr'><strong>Phocensi-</strong></span> 
     </span>
     <span class='ocr_line' id='line_1_27' title="bbox 526 3069 2807 3146; baseline 0.001 -20"><span class='ocrx_word' id='word_1_243' title='bbox 526 3071 627 3126; x_wconf 85' lang='lat' dir='ltr'><strong>bus</strong></span> <span class='ocrx_word' id='word_1_244' title='bbox 660 3073 894 3144; x_wconf 81' lang='lat' dir='ltr'><strong>roganti.</strong></span> <span class='ocrx_word' id='word_1_245' title='bbox 968 3071 1111 3146; x_wconf 89' lang='lat' dir='ltr'><strong>quod</strong></span> <span class='ocrx_word' id='word_1_246' title='bbox 1158 3089 1265 3128; x_wconf 89' lang='lat' dir='ltr'><strong>non</strong></span> <span class='ocrx_word' id='word_1_247' title='bbox 1311 3072 1551 3144; x_wconf 80' lang='lat' dir='ltr'><strong>exegerit</strong></span> <span class='ocrx_word' id='word_1_248' title='bbox 1593 3070 1966 3127; x_wconf 85' lang='lat' dir='ltr'><strong>iusiurandum</strong></span> <span class='ocrx_word' id='word_1_249' title='bbox 1999 3087 2026 3126; x_wconf 87' lang='lat' dir='ltr'><strong>a</strong></span> <span class='ocrx_word' id='word_1_250' title='bbox 2059 3070 2334 3127; x_wconf 86' lang='lat' dir='ltr'><strong>Thessalis</strong></span> <span class='ocrx_word' id='word_1_251' title='bbox 2362 3069 2596 3146; x_wconf 88' lang='lat' dir='ltr'><strong>Philippi</strong></span> <span class='ocrx_word' id='word_1_252' title='bbox 2627 3073 2807 3135; x_wconf 82' lang='lat' dir='ltr'><strong>sociis,</strong></span> 
     </span>
     <span class='ocr_line' id='line_1_28' title="bbox 525 3154 2810 3230; baseline 0.001 -20"><span class='ocrx_word' id='word_1_253' title='bbox 525 3157 617 3229; x_wconf 78' lang='lat' dir='ltr'><strong>qui</strong></span> <span class='ocrx_word' id='word_1_254' title='bbox 650 3171 759 3211; x_wconf 90' lang='lat' dir='ltr'><strong>non</strong></span> <span class='ocrx_word' id='word_1_255' title='bbox 783 3155 1107 3212; x_wconf 81' lang='lat' dir='ltr'><strong>militassent</strong></span> <span class='ocrx_word' id='word_1_256' title='bbox 1130 3164 1319 3213; x_wconf 89' lang='lat' dir='ltr'><strong>contra</strong></span> <span class='ocrx_word' id='word_1_257' title='bbox 1344 3155 1668 3218; x_wconf 83' lang='lat' dir='ltr'><strong>Phocenses,</strong></span> <span class='ocrx_word' id='word_1_258' title='bbox 1697 3158 1740 3212; x_wconf 87' lang='lat' dir='ltr'><strong>si</strong></span> <span class='ocrx_word' id='word_1_259' title='bbox 1765 3155 2139 3211; x_wconf 89' lang='lat' dir='ltr'><strong>iusiurandum</strong></span> <span class='ocrx_word' id='word_1_260' title='bbox 2171 3154 2460 3211; x_wconf 86' lang='lat' dir='ltr'><strong>dedissent.</strong></span> <span class='ocrx_word' id='word_1_261' title='bbox 2509 3156 2654 3230; x_wconf 89' lang='lat' dir='ltr'><strong>quod</strong></span> <span class='ocrx_word' id='word_1_262' title='bbox 2677 3165 2810 3212; x_wconf 90' lang='lat' dir='ltr'><strong>tem-</strong></span> 
     </span>
     <span class='ocr_line' id='line_1_29' title="bbox 526 3239 2808 3315; baseline 0 -20"><span class='ocrx_word' id='word_1_263' title='bbox 526 3257 631 3314; x_wconf 84' lang='lat' dir='ltr'><strong>pus</strong></span> <span class='ocrx_word' id='word_1_264' title='bbox 660 3240 907 3315; x_wconf 89' lang='lat' dir='ltr'><strong>Philippo</strong></span> <span class='ocrx_word' id='word_1_265' title='bbox 940 3240 1255 3315; x_wconf 87' lang='lat' dir='ltr'><strong>praebuerit</strong></span> <span class='ocrx_word' id='word_1_266' title='bbox 1286 3241 1632 3297; x_wconf 84' lang='lat' dir='ltr'><strong>instruendae</strong></span> <span class='ocrx_word' id='word_1_267' title='bbox 1661 3248 1850 3296; x_wconf 87' lang='lat' dir='ltr'><strong>eontra</strong></span> <span class='ocrx_word' id='word_1_268' title='bbox 1881 3240 2186 3296; x_wconf 86' lang='lat' dir='ltr'><strong>Phocenses</strong></span> <span class='ocrx_word' id='word_1_269' title='bbox 2217 3239 2590 3314; x_wconf 84' lang='lat' dir='ltr'><strong>expeditionis.</strong></span> <span class='ocrx_word' id='word_1_270' title='bbox 2659 3257 2808 3298; x_wconf 85' lang='lat' dir='ltr'><strong>com·</strong></span> 
     </span>
     <span class='ocr_line' id='line_1_30' title="bbox 525 3324 2808 3398; baseline 0 -18"><span class='ocrx_word' id='word_1_271' title='bbox 525 3332 794 3382; x_wconf 88' lang='lat' dir='ltr'><strong>moratum</strong></span> <span class='ocrx_word' id='word_1_272' title='bbox 828 3328 967 3382; x_wconf 90' lang='lat' dir='ltr'><strong>enim</strong></span> <span class='ocrx_word' id='word_1_273' title='bbox 1000 3326 1129 3381; x_wconf 81' lang='lat' dir='ltr'><strong>dicit</strong></span> <span class='ocrx_word' id='word_1_274' title='bbox 1160 3325 1311 3382; x_wconf 89' lang='lat' dir='ltr'><strong>illum</strong></span> <span class='ocrx_word' id='word_1_275' title='bbox 1346 3327 1515 3381; x_wconf 81' lang='lat' dir='ltr'><strong>ruisse</strong></span> <span class='ocrx_word' id='word_1_276' title='bbox 1545 3325 1611 3380; x_wconf 88' lang='lat' dir='ltr'><strong>de</strong></span> <span class='ocrx_word' id='word_1_277' title='bbox 1641 3324 1908 3380; x_wconf 85' lang='lat' dir='ltr'><strong>industria</strong></span> <span class='ocrx_word' id='word_1_278' title='bbox 1939 3332 1994 3379; x_wconf 86' lang='lat' dir='ltr'><strong>et</strong></span> <span class='ocrx_word' id='word_1_279' title='bbox 2023 3327 2430 3398; x_wconf 84' lang='lat' dir='ltr'><strong>consumpsisse</strong></span> <span class='ocrx_word' id='word_1_280' title='bbox 2466 3332 2704 3398; x_wconf 86' lang='lat' dir='ltr'><strong>tempus,</strong></span> <span class='ocrx_word' id='word_1_281' title='bbox 2741 3341 2808 3382; x_wconf 91' lang='lat' dir='ltr'><strong>ne</strong></span> 
     </span>
     <span class='ocr_line' id='line_1_31' title="bbox 526 3409 2810 3485; baseline -0 -19"><span class='ocrx_word' id='word_1_282' title='bbox 526 3411 689 3468; x_wconf 88' lang='lat' dir='ltr'><strong>missa</strong></span> <span class='ocrx_word' id='word_1_283' title='bbox 721 3410 895 3467; x_wconf 88' lang='lat' dir='ltr'><strong>classe</strong></span> <span class='ocrx_word' id='word_1_284' title='bbox 924 3411 1163 3485; x_wconf 90' lang='lat' dir='ltr'><strong>populus</strong></span> <span class='ocrx_word' id='word_1_285' title='bbox 1191 3411 1349 3483; x_wconf 80' lang='lat' dir='ltr'><strong>Pylas</strong></span> <span class='ocrx_word' id='word_1_286' title='bbox 1380 3410 1672 3466; x_wconf 84' lang='lat' dir='ltr'><strong>clauderet.</strong></span> <span class='ocrx_word' id='word_1_287' title='bbox 1735 3409 1880 3483; x_wconf 88' lang='lat' dir='ltr'><strong>quod</strong></span> <span class='ocrx_word' id='word_1_288' title='bbox 1913 3425 2201 3482; x_wconf 83' lang='lat' dir='ltr'><strong>regressus</strong></span> <span class='ocrx_word' id='word_1_289' title='bbox 2231 3409 2353 3466; x_wconf 89' lang='lat' dir='ltr'><strong>data</strong></span> <span class='ocrx_word' id='word_1_290' title='bbox 2383 3425 2546 3482; x_wconf 86' lang='lat' dir='ltr'><strong>opera</strong></span> <span class='ocrx_word' id='word_1_291' title='bbox 2579 3410 2810 3484; x_wconf 89' lang='lat' dir='ltr'><strong>decepe-</strong></span> 
     </span>
     <span class='ocr_line' id='line_1_32' title="bbox 526 3493 2812 3570; baseline -0.001 -18"><span class='ocrx_word' id='word_1_292' title='bbox 526 3497 599 3552; x_wconf 89' lang='lat' dir='ltr'><strong>rit</strong></span> <span class='ocrx_word' id='word_1_293' title='bbox 644 3495 907 3570; x_wconf 87' lang='lat' dir='ltr'><strong>populum</strong></span> <span class='ocrx_word' id='word_1_294' title='bbox 952 3495 1153 3570; x_wconf 85' lang='lat' dir='ltr'><strong>duplici</strong></span> <span class='ocrx_word' id='word_1_295' title='bbox 1200 3512 1323 3568; x_wconf 88' lang='lat' dir='ltr'><strong>spe:</strong></span> <span class='ocrx_word' id='word_1_296' title='bbox 1372 3511 1505 3556; x_wconf 83' lang='lat' dir='ltr'><strong>una,</strong></span> <span class='ocrx_word' id='word_1_297' title='bbox 1555 3495 1668 3550; x_wconf 80' lang='lat' dir='ltr'><strong>sore</strong></span> <span class='ocrx_word' id='word_1_298' title='bbox 1713 3503 1772 3549; x_wconf 89' lang='lat' dir='ltr'><strong>ut</strong></span> <span class='ocrx_word' id='word_1_299' title='bbox 1808 3494 2046 3551; x_wconf 83' lang='lat' dir='ltr'><strong>Thebani</strong></span> <span class='ocrx_word' id='word_1_300' title='bbox 2091 3493 2466 3568; x_wconf 84' lang='lat' dir='ltr'><strong>perderentur,</strong></span> <span class='ocrx_word' id='word_1_301' title='bbox 2509 3495 2707 3556; x_wconf 86' lang='lat' dir='ltr'><strong>altera,</strong></span> <span class='ocrx_word' id='word_1_302' title='bbox 2751 3503 2812 3550; x_wconf 91' lang='lat' dir='ltr'><strong>ut</strong></span> 
     </span>
     <span class='ocr_line' id='line_1_33' title="bbox 526 3578 2811 3640; baseline 0 -6"><span class='ocrx_word' id='word_1_303' title='bbox 526 3579 837 3636; x_wconf 87' lang='lat' dir='ltr'><strong>Phocenses</strong></span> <span class='ocrx_word' id='word_1_304' title='bbox 881 3587 1359 3640; x_wconf 77' lang='lat' dir='ltr'><strong>conservarentur,</strong></span> <span class='ocrx_word' id='word_1_305' title='bbox 1403 3595 1470 3632; x_wconf 87' lang='lat' dir='ltr'><strong>ue</strong></span> <span class='ocrx_word' id='word_1_306' title='bbox 1511 3579 1742 3635; x_wconf 80' lang='lat' dir='ltr'><strong>facultas</strong></span> <span class='ocrx_word' id='word_1_307' title='bbox 1785 3579 2008 3636; x_wconf 87' lang='lat' dir='ltr'><strong>daretur</strong></span> <span class='ocrx_word' id='word_1_308' title='bbox 2051 3581 2116 3636; x_wconf 89' lang='lat' dir='ltr'><strong>de</strong></span> <span class='ocrx_word' id='word_1_309' title='bbox 2159 3578 2532 3636; x_wconf 86' lang='lat' dir='ltr'><strong>incolumitate</strong></span> <span class='ocrx_word' id='word_1_310' title='bbox 2571 3579 2811 3636; x_wconf 85' lang='lat' dir='ltr'><strong>Phocen-</strong></span> 
     </span>
     <span class='ocr_line' id='line_1_34' title="bbox 528 3663 2808 3738; baseline 0 -20"><span class='ocrx_word' id='word_1_311' title='bbox 528 3665 669 3720; x_wconf 85' lang='lat' dir='ltr'><strong>sium</strong></span> <span class='ocrx_word' id='word_1_312' title='bbox 702 3665 889 3719; x_wconf 84' lang='lat' dir='ltr'><strong>dextre</strong></span> <span class='ocrx_word' id='word_1_313' title='bbox 920 3663 1265 3725; x_wconf 87' lang='lat' dir='ltr'><strong>deliberandi,</strong></span> <span class='ocrx_word' id='word_1_314' title='bbox 1298 3681 1462 3737; x_wconf 86' lang='lat' dir='ltr'><strong>quum</strong></span> <span class='ocrx_word' id='word_1_315' title='bbox 1496 3663 1720 3720; x_wconf 87' lang='lat' dir='ltr'><strong>dixisset</strong></span> <span class='ocrx_word' id='word_1_316' title='bbox 1753 3663 1908 3720; x_wconf 81' lang='lat' dir='ltr'><strong>fidem</strong></span> <span class='ocrx_word' id='word_1_317' title='bbox 1941 3665 2236 3722; x_wconf 85' lang='lat' dir='ltr'><strong>habendam</strong></span> <span class='ocrx_word' id='word_1_318' title='bbox 2269 3679 2392 3720; x_wconf 89' lang='lat' dir='ltr'><strong>esse</strong></span> <span class='ocrx_word' id='word_1_319' title='bbox 2419 3664 2686 3738; x_wconf 87' lang='lat' dir='ltr'><strong>Philippo.</strong></span> <span class='ocrx_word' id='word_1_320' title='bbox 2719 3665 2808 3737; x_wconf 90' lang='lat' dir='ltr'><strong>qui</strong></span> 
     </span>
    </p>
   </div>
   <div class='ocr_carea' id='block_1_10' title="bbox 529 3904 2806 4064">
    <p class='ocr_par' dir='ltr' id='par_1_11' title="bbox 529 3904 2806 4064">
     <span class='ocr_line' id='line_1_35' title="bbox 660 3904 2806 3979; baseline 0 -16"><span class='ocrx_word' id='word_1_321' title='bbox 660 3911 714 3976; x_wconf 88' lang='lat'><strong>8)</strong></span> <span class='ocrx_word' id='word_1_322' title='bbox 762 3904 1031 3964; x_wconf 80' lang='grc' dir='ltr'><strong><em>σύστασιν</em></strong></span> <span class='ocrx_word' id='word_1_323' title='bbox 1079 3907 1143 3964; x_wconf 75' lang='grc' dir='ltr'><strong>δὲ</strong></span> <span class='ocrx_word' id='word_1_324' title='bbox 1180 3915 1409 3966; x_wconf 79' lang='lat' dir='ltr'><strong>Wolfius</strong></span> <span class='ocrx_word' id='word_1_325' title='bbox 1470 3915 1727 3966; x_wconf 83' lang='lat' dir='ltr'><strong>coniecit.</strong></span> <span class='ocrx_word' id='word_1_326' title='bbox 1832 3914 1886 3978; x_wconf 85' lang='lat'><strong>9)</strong></span> <span class='ocrx_word' id='word_1_327' title='bbox 1945 3905 2203 3979; x_wconf 69' lang='grc' dir='ltr'><strong><em>ἀνέκυψε</em></strong></span> <span class='ocrx_word' id='word_1_328' title='bbox 2261 3913 2492 3964; x_wconf 81' lang='lat' dir='ltr'><strong>Wolfius</strong></span> <span class='ocrx_word' id='word_1_329' title='bbox 2553 3913 2806 3965; x_wconf 83' lang='lat' dir='ltr'><strong>coniecit.</strong></span> 
     </span>
     <span class='ocr_line' id='line_1_36' title="bbox 529 3990 2605 4064; baseline -0.001 -17"><span class='ocrx_word' id='word_1_330' title='bbox 529 3997 611 4062; x_wconf 81' lang='lat'><strong>10)</strong></span> <span class='ocrx_word' id='word_1_331' title='bbox 650 3990 925 4064; x_wconf 72' lang='grc' dir='ltr'><strong><em>γενέσθαι</em></strong></span> <span class='ocrx_word' id='word_1_332' title='bbox 963 3997 1156 4048; x_wconf 83' lang='lat' dir='ltr'><strong>vind7.</strong></span> <span class='ocrx_word' id='word_1_333' title='bbox 1257 3998 1339 4060; x_wconf 88' lang='lat' dir='ltr'><strong>ll)</strong></span> <span class='ocrx_word' id='word_1_334' title='bbox 1378 3997 1480 4052; x_wconf 78' lang='grc' dir='ltr'><strong>τοῦ</strong></span> <span class='ocrx_word' id='word_1_335' title='bbox 1518 4015 1604 4050; x_wconf 86' lang='lat' dir='ltr'><strong>om</strong></span> <span class='ocrx_word' id='word_1_336' title='bbox 1643 3999 1856 4050; x_wconf 83' lang='lat' dir='ltr'><strong>Aldetc.</strong></span> <span class='ocrx_word' id='word_1_337' title='bbox 1896 4027 1957 4035; x_wconf 90' lang='lat'><em>-</em></span> <span class='ocrx_word' id='word_1_338' title='bbox 1995 3999 2207 4050; x_wconf 76' lang='lat' dir='ltr'><strong>habent</strong></span> <span class='ocrx_word' id='word_1_339' title='bbox 2241 3996 2284 4060; x_wconf 78' lang='grc' dir='ltr'><strong><em>ζ.</em></strong></span> <span class='ocrx_word' id='word_1_340' title='bbox 2323 3997 2520 4049; x_wconf 86' lang='lat' dir='ltr'><strong>Viudl.</strong></span> <span class='ocrx_word' id='word_1_341' title='bbox 2557 3997 2605 4046; x_wconf 86' lang='lat'><strong>7.</strong></span> 
     </span>
    </p>
   </div>
   <div class='ocr_carea' id='block_1_11' title="bbox 518 4091 2810 4506">
    <p class='ocr_par' dir='ltr' id='par_1_12' title="bbox 518 4091 2810 4506">
     <span class='ocr_line' id='line_1_37' title="bbox 662 4091 2806 4166; baseline -0.005 -10"><span class='ocrx_word' id='word_1_342' title='bbox 662 4101 762 4156; x_wconf 77' lang='lat'><strong>12.</strong></span> <span class='ocrx_word' id='word_1_343' title='bbox 839 4099 885 4162; x_wconf 90' lang='lat' dir='ltr'><strong>l)</strong></span> <span class='ocrx_word' id='word_1_344' title='bbox 946 4091 1246 4165; x_wconf 74' lang='grc' dir='ltr'><strong><em>γράφοντα</em></strong></span> <span class='ocrx_word' id='word_1_345' title='bbox 1282 4101 1403 4150; x_wconf 79' lang='grc' dir='ltr'><strong><em>ΑῙᾶ.</em></strong></span> <span class='ocrx_word' id='word_1_346' title='bbox 1544 4103 1596 4164; x_wconf 83' lang='grc'><strong>2)</strong></span> <span class='ocrx_word' id='word_1_347' title='bbox 1657 4099 1823 4165; x_wconf 72' lang='grc' dir='ltr'><strong><em>οἵπερ</em></strong></span> <span class='ocrx_word' id='word_1_348' title='bbox 1863 4099 2057 4150; x_wconf 84' lang='lat' dir='ltr'><strong>Vindl.</strong></span> <span class='ocrx_word' id='word_1_349' title='bbox 2181 4099 2235 4162; x_wconf 88' lang='lat'><strong>3)</strong></span> <span class='ocrx_word' id='word_1_350' title='bbox 2296 4091 2480 4166; x_wconf 78' lang='grc' dir='ltr'><strong><em>χρόνῳ</em></strong></span> <span class='ocrx_word' id='word_1_351' title='bbox 2515 4098 2636 4148; x_wconf 81' lang='lat' dir='ltr'><strong>Atd.</strong></span> <span class='ocrx_word' id='word_1_352' title='bbox 2671 4099 2806 4147; x_wconf 84' lang='lat' dir='ltr'><strong>Mor.</strong></span> 
     </span>
     <span class='ocr_line' id='line_1_38' title="bbox 524 4172 2806 4250; baseline -0.001 -16"><span class='ocrx_word' id='word_1_353' title='bbox 524 4185 719 4236; x_wconf 76' lang='lat' dir='ltr'><strong>vindi.</strong></span> <span class='ocrx_word' id='word_1_354' title='bbox 756 4186 803 4235; x_wconf 89' lang='lat'><strong>7.</strong></span> <span class='ocrx_word' id='word_1_355' title='bbox 840 4211 911 4222; x_wconf 93' lang='lat'><strong>—-</strong></span> <span class='ocrx_word' id='word_1_356' title='bbox 945 4177 1153 4250; x_wconf 73' lang='grc' dir='ltr'><strong><em>χρόνον</em></strong></span> <span class='ocrx_word' id='word_1_357' title='bbox 1187 4185 1307 4246; x_wconf 80' lang='lat' dir='ltr'><strong>Pel,</strong></span> <span class='ocrx_word' id='word_1_358' title='bbox 1348 4185 1474 4235; x_wconf 83' lang='lat' dir='ltr'><strong>inde</strong></span> <span class='ocrx_word' id='word_1_359' title='bbox 1512 4191 1576 4236; x_wconf 82' lang='lat' dir='ltr'><strong>ut</strong></span> <span class='ocrx_word' id='word_1_360' title='bbox 1607 4187 1828 4236; x_wconf 79' lang='lat' dir='ltr'><strong>videtur</strong></span> <span class='ocrx_word' id='word_1_361' title='bbox 1861 4185 2034 4236; x_wconf 80' lang='lat' dir='ltr'><strong>Aldv.</strong></span> <span class='ocrx_word' id='word_1_362' title='bbox 2068 4183 2465 4236; x_wconf 77' lang='lat' dir='ltr'><strong>ParThierseh.</strong></span> <span class='ocrx_word' id='word_1_363' title='bbox 2571 4182 2626 4249; x_wconf 83' lang='lat'><strong>4)</strong></span> <span class='ocrx_word' id='word_1_364' title='bbox 2666 4172 2806 4232; x_wconf 75' lang='grc' dir='ltr'><strong><em>ἐκεί·</em></strong></span> 
     </span>
     <span class='ocr_line' id='line_1_39' title="bbox 522 4261 2808 4336; baseline -0.003 -16"><span class='ocrx_word' id='word_1_365' title='bbox 522 4286 601 4336; x_wconf 84' lang='grc' dir='ltr'><strong>νῳ</strong></span> <span class='ocrx_word' id='word_1_366' title='bbox 633 4286 677 4321; x_wconf 80' lang='lat' dir='ltr'><strong>s.</strong></span> <span class='ocrx_word' id='word_1_367' title='bbox 716 4269 915 4324; x_wconf 77' lang='lat' dir='ltr'><strong>vindi.</strong></span> <span class='ocrx_word' id='word_1_368' title='bbox 952 4271 1001 4321; x_wconf 91' lang='grc'><strong><em>7.</em></strong></span> <span class='ocrx_word' id='word_1_369' title='bbox 1090 4269 1149 4336; x_wconf 80' lang='grc'><strong>5)</strong></span> <span class='ocrx_word' id='word_1_370' title='bbox 1187 4269 1537 4336; x_wconf 80' lang='grc' dir='ltr'><strong><em>κατακλείσῃ</em></strong></span> <span class='ocrx_word' id='word_1_371' title='bbox 1575 4269 1770 4320; x_wconf 85' lang='lat' dir='ltr'><strong>Vindl.</strong></span> <span class='ocrx_word' id='word_1_372' title='bbox 1857 4269 1912 4332; x_wconf 89' lang='grc'><strong>6)</strong></span> <span class='ocrx_word' id='word_1_373' title='bbox 1952 4261 2282 4336; x_wconf 66' lang='grc' dir='ltr'><strong><em>ἐξεπίτηδες</em></strong></span> <span class='ocrx_word' id='word_1_374' title='bbox 2317 4265 2554 4319; x_wconf 78' lang='lat' dir='ltr'><strong>voluisse</strong></span> <span class='ocrx_word' id='word_1_375' title='bbox 2590 4266 2808 4316; x_wconf 80' lang='lat' dir='ltr'><strong>videtur</strong></span> 
     </span>
     <span class='ocr_line' id='line_1_40' title="bbox 518 4351 2810 4421; baseline -0.002 -17"><span class='ocrx_word' id='word_1_376' title='bbox 518 4355 912 4419; x_wconf 64' lang='lat' dir='ltr'><strong>Marmaridas,</strong></span> <span class='ocrx_word' id='word_1_377' title='bbox 968 4355 1097 4420; x_wconf 76' lang='lat' dir='ltr'><strong>quia</strong></span> <span class='ocrx_word' id='word_1_378' title='bbox 1150 4355 1293 4404; x_wconf 86' lang='lat' dir='ltr'><strong>idem</strong></span> <span class='ocrx_word' id='word_1_379' title='bbox 1348 4355 1748 4421; x_wconf 80' lang='lat' dir='ltr'><strong>praegreditur.</strong></span> <span class='ocrx_word' id='word_1_380' title='bbox 1887 4355 1940 4416; x_wconf 87' lang='grc'><strong>7)</strong></span> <span class='ocrx_word' id='word_1_381' title='bbox 2004 4351 2250 4420; x_wconf 77' lang='grc' dir='ltr'><strong><em>Θηβαῖοι</em></strong></span> <span class='ocrx_word' id='word_1_382' title='bbox 2289 4367 2372 4403; x_wconf 85' lang='lat' dir='ltr'><strong>om</strong></span> <span class='ocrx_word' id='word_1_383' title='bbox 2413 4352 2532 4401; x_wconf 80' lang='lat' dir='ltr'><strong>Ald.</strong></span> <span class='ocrx_word' id='word_1_384' title='bbox 2569 4353 2705 4402; x_wconf 81' lang='lat' dir='ltr'><strong>Mor.</strong></span> <span class='ocrx_word' id='word_1_385' title='bbox 2743 4373 2810 4385; x_wconf 90' lang='lat'><strong>--</strong></span> 
     </span>
     <span class='ocr_line' id='line_1_41' title="bbox 523 4430 2805 4506; baseline -0.002 -18"><span class='ocrx_word' id='word_1_386' title='bbox 523 4445 652 4488; x_wconf 80' lang='lat' dir='ltr'><strong>ante</strong></span> <span class='ocrx_word' id='word_1_387' title='bbox 688 4430 855 4491; x_wconf 81' lang='grc' dir='ltr'><strong><em>οἷπολ.</em></strong></span> <span class='ocrx_word' id='word_1_388' title='bbox 894 4441 1101 4490; x_wconf 77' lang='lat' dir='ltr'><strong>habent</strong></span> <span class='ocrx_word' id='word_1_389' title='bbox 1138 4439 1258 4491; x_wconf 82' lang='lat' dir='ltr'><strong>Fel.</strong></span> <span class='ocrx_word' id='word_1_390' title='bbox 1293 4441 1449 4490; x_wconf 74' lang='lat' dir='ltr'><strong>Lesa.</strong></span> <span class='ocrx_word' id='word_1_391' title='bbox 1488 4439 1598 4490; x_wconf 81' lang='lat' dir='ltr'><strong>Alt.</strong></span> <span class='ocrx_word' id='word_1_392' title='bbox 1639 4467 1697 4475; x_wconf 84' lang='lat'>-</span> <span class='ocrx_word' id='word_1_393' title='bbox 1737 4445 1860 4506; x_wconf 85' lang='lat' dir='ltr'><strong>post</strong></span> <span class='ocrx_word' id='word_1_394' title='bbox 1897 4441 1950 4490; x_wconf 85' lang='lat' dir='ltr'><strong>id</strong></span> <span class='ocrx_word' id='word_1_395' title='bbox 1987 4440 2212 4490; x_wconf 80' lang='lat' dir='ltr'><strong>verbum</strong></span> <span class='ocrx_word' id='word_1_396' title='bbox 2249 4437 2420 4488; x_wconf 80' lang='lat' dir='ltr'><strong>Aldv.</strong></span> <span class='ocrx_word' id='word_1_397' title='bbox 2459 4451 2501 4486; x_wconf 69' lang='lat' dir='ltr'><strong>a.</strong></span> <span class='ocrx_word' id='word_1_398' title='bbox 2533 4434 2727 4486; x_wconf 81' lang='lat' dir='ltr'><strong>Vindt.</strong></span> <span class='ocrx_word' id='word_1_399' title='bbox 2755 4433 2805 4483; x_wconf 90' lang='grc'><strong><em>7.</em></strong></span> 
     </span>
    </p>
   </div>
  </div>
 </body>
</html>
