3084 4938
841 381 1294 426 nsuosrnnms
1329 381 1569 424 osuio
1600 383 1687 424 ns
1718 381 1991 426 cenom.
2432 368 2554 432 335

529 529 812 623 σώματ’,
852 535 994 604 ἐπεὶ
1029 545 1304 623 θνητοῖς
1342 537 1414 604 ἐκ
1449 533 1617 617 Διὸς
1650 531 1775 623 ἥδε
1810 527 2100 626 nodosam

427 635 674 724 Μηδὲν
709 629 1031 727 ἁμαρτεῖν
1068 638 1203 706 ἐστὶ
1238 639 1424 707 θεῶν
1439 629 1486 670 ¹⁰
1520 639 1632 707 καὶ
1668 636 1884 708 πάντα
1918 628 2361 728 κατορθοῦν20

681 823 738 876 in
769 821 982 895 placido
1013 824 1241 894 gremio.
1301 823 1561 879 Iudicium
1594 831 1677 879 est
1707 823 1845 880 Iovis
1876 824 1995 880 hoc.
2228 885 2241 896 .

577 905 658 962 Nil
691 921 948 982 peccasse
979 906 1204 962 deorum
1235 915 1346 968 est,
1394 916 1559 982 atque
1590 907 1671 974 id,
1706 915 1768 964 ut
1798 909 1977 965 omnia
2008 915 2156 964 recte

417 1119 500 1187 18)
537 1122 674 1172 Post
705 1120 916 1184 κρίσις,
955 1127 1016 1172 ut
1053 1128 1351 1188 appareret
1381 1109 1490 1188 ἥδε
1526 1120 1711 1186 κρίσις
1737 1123 1857 1188 (per
1892 1115 2016 1174 ἐπεὶ
2050 1122 2399 1174 coniunctum
2436 1137 2556 1173 cum

278 1203 758 1268 antecedentibus)
782 1206 1062 1270 pertinere
1085 1206 1154 1256 ad
1179 1207 1488 1272 sequentia,
1511 1205 1947 1257 GFroehlichius
1966 1206 2023 1256 in
2050 1207 2277 1258 Excurs.
2306 1207 2401 1256 cit.
2426 1223 2480 1271 p.
2492 1203 2554 1256 91

279 1291 500 1340 omnino
534 1304 644 1339 non
681 1290 1107 1355 interpungens,
1153 1295 1488 1342 structuram
1531 1292 1616 1341 ita
1653 1291 2023 1353 continuavit,
2072 1294 2133 1340 ut
2168 1280 2291 1340 ἐστί
2332 1305 2367 1339 a
2402 1287 2561 1340 θεῶν

281 1379 596 1440 separaret,
621 1365 808 1440 μηδὲν
825 1371 982 1426 θεῶν
999 1363 1282 1439 ἁμαρτεῖν
1312 1374 1635 1441 intelligens
1660 1375 1865 1425 dictum
1889 1391 1987 1440 pro
2006 1366 2191 1441 μηδὲν
2218 1368 2377 1437 παρὰ
2403 1371 2562 1423 θεῶν

279 1449 588 1524 ἁμαρτεῖν,
634 1474 668 1508 α
703 1459 802 1508 diis
837 1459 962 1508 nihil
995 1473 1096 1508 non
1129 1462 1358 1524 assequi,
1400 1458 1605 1510 collato
1654 1458 1908 1524 Sophoci.
1947 1459 2179 1510 Philoct.
2218 1473 2298 1510 vs.
2336 1457 2437 1509 230
2470 1471 2560 1523 sq:

281 1532 350 1594 οὗ
383 1535 496 1610 γὰρ
541 1534 695 1602 εἰκὸς
741 1531 868 1594 οὔτ’
915 1533 1013 1608 ἐμὲ
1060 1538 1085 1609 ΙΙ
1129 1533 1318 1608 ὁμοῖν
1363 1533 1648 1608 ἁμαρτεῖν
1693 1534 1861 1594 τοῦτό
1908 1532 1964 1608 γ’
2012 1531 2152 1596 οὔθ’
2198 1533 2353 1608 ὑμᾶς
2402 1532 2558 1607 ἐμοῦ.

279 1627 402 1677 Hoc
459 1626 711 1692 equidem
765 1641 876 1678 non
930 1627 1118 1692 probo.
1188 1641 1316 1676 nam
1373 1626 1565 1677 durum
1622 1633 1707 1678 est
1761 1617 1884 1678 ἔστί
1934 1626 2093 1694 θεῶν
2136 1641 2401 1692 separare
2456 1640 2562 1676 nec

279 1709 683 1764 Demosthenes
735 1709 804 1772 (9.
841 1709 962 1774 290)
1017 1711 1330 1776 separavit,
1385 1715 1647 1777 recteque
1700 1711 2001 1762 Koechlius
2052 1710 2263 1762 monuit
2312 1723 2417 1760 nec
2468 1724 2564 1760 ve-

282 1801 436 1846 teres
483 1793 814 1857 credidisse,
861 1795 994 1846 deos
1041 1794 1176 1846 dare
1225 1793 1484 1860 quicquid
1544 1796 1615 1847 ab
1650 1797 1721 1846 iis
1754 1799 1994 1860 petatur.
2053 1795 2228 1846 Recte
2274 1809 2407 1846 vero
2441 1799 2565 1858 post

281 1877 468 1945 κρίσις
521 1879 684 1944 plene
735 1879 1160 1946 interpungitur.
1231 1895 1362 1930 nam
1419 1895 1747 1950 quamquam
1800 1879 1941 1930 solet
1997 1868 2102 1931 ὅδε
2154 1879 2407 1944 usurpari
2460 1879 2561 1938 sic,

282 1970 344 2016 ut
380 1965 450 2015 ad
485 1965 776 2030 sequentia
819 1964 1122 2027 referatur,
1171 1968 1356 2015 tamen
1405 1979 1516 2014 non
1568 1965 1771 2030 ubique
1815 1966 1897 2016 sic
1934 1967 2252 2029 usurpatur,
2300 1977 2405 2012 nec
2442 1976 2563 2012 sen·

285 2049 465 2101 tentia
497 2063 646 2100 mere
683 2049 952 2114 repetitur
987 2049 1200 2113 eadem,
1237 2048 1484 2100 scilicet:
1520 2051 1830 2100 moriendum
1858 2049 2025 2112 sitisse
2058 2050 2161 2100 iuis
2190 2047 2411 2109 fortibus
2442 2048 2567 2098 viris

286 2141 365 2184 cst
399 2133 539 2185 Iovis
573 2133 837 2192 iudicium5
875 2136 956 2182 etz
993 2133 1302 2182 moriendum
1335 2148 1448 2184 esse
1483 2132 1761 2184 hominibus
1794 2142 1874 2184 eu
1903 2135 2010 2184 sive
2044 2133 2187 2184 Iovis
2221 2133 2324 2182 sive
2360 2133 2567 2182 deorum

283 2221 530 2268 vehentes.
603 2215 712 2268 Sed
763 2216 1012 2282 pluribus
1059 2217 1322 2268 iudicium
1367 2217 1516 2268 Iovis
1564 2189 1924 2283 sequentibus
1970 2217 2275 2282 exponitur.
2348 2214 2407 2265 Si
2444 2216 2568 2280 ipsa

285 2303 438 2354 Iovis
473 2301 754 2352 sententia
789 2305 1134 2366 sequeretur,
1171 2315 1280 2352 non
1307 2293 1429 2352 ἔστί
1449 2301 1680 2353 deberet
1715 2302 1851 2361 dici,
1890 2302 1986 2354 sed
2026 2295 2179 2364 ἔστω,
2219 2316 2323 2350 nec
2362 2293 2568 2363 ἔπορεν

287 2391 498 2439 rectum
531 2389 704 2444 esset,
737 2385 836 2436 sed
865 2379 1075 2450 ἔπορον
1100 2386 1276 2452 prima
1300 2401 1555 2450 persona.
1632 2385 1715 2452 19)
1752 2384 1900 2437 θεοῦ
1940 2386 2165 2437 Libanii
2199 2385 2381 2450 Epist.
2420 2383 2569 2434 1554.

287 2471 452 2523 Dind.
470 2476 526 2522 et
539 2472 830 2521 Westerm.
852 2476 1196 2537 receperunt,
1233 2468 1325 2522 hic
1351 2472 1480 2536 quia
1504 2472 1552 2533 5.
1572 2469 1673 2521 ’290
1695 2487 1760 2537 pr
1784 2472 1840 2523 Σ
1860 2472 2119 2523 habuisse
2144 2466 2292 2523 θεοῦ
2317 2472 2565 2537 putabat.

288 2554 376 2618 20)
411 2557 484 2607 Η.
521 2554 558 2605 l.
597 2555 1052 2621 inter-punxerunt
1087 2554 1292 2607 LaurS.
1329 2554 1691 2607 Marklandus
1730 2562 1785 2607 et
1820 2556 2111 2608 Bentleius
2148 2556 2217 2607 ad
2251 2555 2569 2607 Phalaridis

287 2640 393 2707 Ep.
417 2638 604 2691 XVIII
629 2655 682 2704 p.
701 2638 818 2701 295,
849 2639 1074 2691 sublata
1096 2640 1542 2705 interpunctione
1568 2644 1694 2705 post
1719 2631 1782 2691 ἐν
1806 2638 1983 2707 βιοτῇ,
2014 2642 2144 2707 quia
2166 2638 2570 2691 Demosthenes

290 2726 338 2787 §-
374 2722 476 2775 290
509 2724 884 2775 hexametrum
921 2728 1200 2790 repetens,
1241 2716 1304 2775 ἐν
1338 2721 1504 2792 βιοτῇ
1536 2740 1646 2775 non
1682 2725 1909 2779 addidit.
1970 2726 2159 2777 Secuti
2196 2740 2412 2777 eramus
2448 2740 2571 2775 cum

293 2808 436 2871 aliis,
465 2810 632 2861 etiam
651 2808 964 2859 Iacobsius=
993 2810 1398 2875 ‘Distinguitur,
1421 2810 1614 2875 inquit,
1636 2817 1760 2876 post
1784 2808 1965 2876 βιοτῇ,
1987 2810 2129 2876 quod
2150 2814 2213 2860 ut
2238 2808 2571 2860 commodius

293 2899 380 2944 est
422 2893 490 2944 ob
537 2892 724 2943 sedem
768 2892 1080 2959 particulae
1129 2894 1541 2956 adversativae,
1589 2895 1671 2945 ita
1708 2911 1815 2947 non
1862 2896 2001 2947 satis
2038 2894 2333 2960 respondet
2368 2894 2569 2954 sensui,

294 2980 386 3044 qui
424 2978 728 3032 antithesin
762 2977 1022 3044 postulat.
1075 2968 1138 3027 ἐν
1173 2976 1338 3045 βιοτῇ
1371 2980 1408 3029 i.
1438 2996 1486 3029 e.
1527 2970 1591 3029 ἐν
1625 2969 1985 3044 ἀνθρώπων
2024 2980 2095 3029 ad
2129 2978 2349 3030 Anthol.
2387 2976 2572 3027 Palat.

291 3064 362 3113 Τ.
393 3060 518 3113 111⁸»
563 3078 618 3128 p.
653 3060 773 3113 944.
845 3062 1054 3113 Contra
1099 3078 1240 3127 quae
1287 3063 1625 3115 Schaeferus
1670 3065 2009 3116 rectissime:
2060 3060 2213 3131 *βίος
2259 3062 2363 3116 hoc
2408 3076 2575 3113 sensu

292 3150 616 3212 usurpatum
652 3146 840 3213 legere
875 3146 1124 3211 memini,
1165 3162 1274 3199 non
1309 3148 1534 3201 memini
1571 3141 1772 3215 βιοτή.’
1844 3148 2133 3215 oppositio
2178 3150 2227 3201 si
2262 3163 2391 3201 vere
2430 3146 2571 3214 θνη-

293 3236 414 3291 τοῖς
451 3236 596 3283 esset
629 3230 862 3296 ideoque
901 3233 1224 3298 praeposita
1259 3238 1432 3294 esset,
1471 3238 1657 3283 tamen
1693 3248 1803 3285 non
1840 3234 1971 3283 item
2006 3233 2313 3299 particulae
2350 3247 2577 3300 praece·

295 3315 426 3367 dere
451 3315 678 3366 deberet
700 3320 930 3381 μοῖραν.
981 3316 1030 3365 N
1035 3332 1122 3367 am
1148 3316 1214 3367 de
1242 3310 1307 3367 δέ
1331 3316 1609 3382 particula
1639 3323 1749 3369 tam
1786 3322 2000 3368 remota
2022 3318 2131 3368 vid.
2158 3318 2229 3367 ad
2256 3317 2445 3367 Chers.
2470 3320 2521 3379 θ.
2544 3314 2578 3367 9

299 3404 356 3451 et
391 3414 526 3465 quos
563 3400 760 3452 citavit
795 3401 880 3451 vir
911 3400 1106 3451 doctus
1141 3401 1200 3449 in
1237 3402 1523 3466 Ephemer.
1564 3403 1677 3453 Ien.
1716 3402 1774 3451 in
1796 3386 2025 3453 Excurs.
2053 3403 2149 3452 cit.
2190 3400 2297 3452 Sed
2323 3401 2579 3467 opposita

298 3490 424 3535 sunt
447 3483 556 3535 sibi
581 3489 643 3534 ut
665 3476 850 3551 μηδὲν
875 3490 932 3535 et
955 3478 1176 3549 πάντα,
1203 3488 1284 3537 sic
1314 3477 1505 3537 πάντα
1529 3484 1863 3551 κατορθοῦν
1890 3478 1951 3537 ἐν
1987 3483 2055 3550 βι
2074 3484 2195 3551 οτῇ
2231 3491 2287 3536 et
2321 3481 2579 3550 μοῖραν

300 3572 524 3634 φυγεῖν.
597 3569 754 3632 Quod
789 3574 972 3620 autem
1011 3571 1412 3623 Demosthenes
1450 3564 1512 3622 ἐν
1549 3569 1714 3637 βιοτῇ
1748 3587 1857 3623 non
1893 3570 2109 3621 addidit
2142 3570 2457 3621 sententiae
2494 3584 2578 3619 re-

299 3655 538 3720 petitae;
577 3668 684 3704 non
722 3655 966 3721 proxime
1015 3654 1084 3705 ad
1121 3670 1236 3707 rem
1273 3672 1340 3707 ea
1376 3655 1649 3708 vocabula
1685 3656 2065 3723 pertinebant,
2114 3655 2243 3706 inde
2278 3654 2422 3705 nude
2460 3668 2580 3705 sen-

303 3738 532 3789 tentiam
580 3744 675 3789 aut
722 3738 977 3789 citabant
1025 3743 1122 3789 aut
1166 3740 1524 3791 imitabantur
1570 3748 1627 3792 et
1674 3738 1777 3791 alii’
1822 3746 1879 3791 et
1918 3740 2251 3791 The'mistius
2288 3739 2382 3791 Or.
2422 3739 2581 3791 xxu

303 3838 353 3887 p.
390 3819 492 3871 276
525 3822 569 3871 Β
604 3841 675 3867 =
707 3838 758 3888 p.
797 3822 899 3873 335
946 3822 1030 3874 ed.
1067 3824 1241 3873 Dind:
1300 3813 1460 3875 Ἐπεὶ
1509 3817 1577 3874 δὲ
1620 3818 1685 3875 τὸ
1728 3818 1913 3890 μηδὲν
1946 3815 2303 3891 ἁμαρτάνειν
2340 3818 2447 3887 ἔξω
2480 3822 2581 3889 τῆς

305 3897 527 3969 φύσεως
561 3908 746 3957 κεῖται
781 3905 881 3970 τῆς
916 3896 1298 3973 ἀνθρωπίνης
1334 3913 1438 3957 etc.
1477 3901 1544 3957 τὸ
1568 3899 1896 3975 ἐπίγραμμα
1920 3899 2329 3975 ἀληθέστερον,
2354 3896 2386 3960 ὃ
2416 3902 2581 3973 ’Affli-

304 4002 472 4054 νησιν
518 3980 927 4055 ἐπιγέγραπται
975 3983 1037 4041 ἐν
1080 3990 1158 4058 τῷ
1202 3984 1368 4058 τάφῳ
1403 3989 1480 4059 τῷ
1518 3990 1792 4059 δημοσίῳ.
1848 3990 1945 4045 καὶ
1981 3988 2091 4059 γὰρ
2126 4000 2246 4052 τοῖς
2282 3994 2447 4051 θεοῖς
2482 3985 2585 4058 μό·

305 4089 428 4133 νοις
471 4067 536 4125 τὸ
581 4067 771 4125 πάντα
806 4076 1140 4140 κατορθοῦν
1175 4067 1472 4143 οἷκονέμει.
1541 4078 1789 4129 Eandem
1826 4081 2157 4130 sententiam
2195 4078 2465 4130 Aristides
2500 4082 2581 4125 te-

304 4158 434 4224 tigit
470 4158 564 4209 Or.
603 4160 780 4209 XLVI
814 4176 910 4226 pro
947 4162 1248 4223 Quatuorv.
1289 4162 1352 4213 T.
1390 4162 1444 4211 11
1481 4178 1535 4227 p.
1575 4162 1675 4212 255
1710 4163 1865 4213 Iebb.
1902 4184 1973 4207 =
2006 4181 2059 4230 p.
2086 4162 2385 4215 331Dind=
2426 4153 2579 4211 1120?-

303 4258 417 4293 των
453 4270 514 4279 -
551 4240 670 4301 παῖς
705 4234 935 4306 &eadm
981 4238 1306 4313 συλλήβδην
1349 4241 1539 4297 πάντα
1576 4246 1911 4313 κατορθοῦν
1944 4244 2043 4299 καὶ
2080 4240 2313 4299 πάντων
2348 4248 2585 4307 κρατεῖν

305 4316 445 4379 ὄντα
488 4316 823 4393 ἄνθρωπον.
896 4330 1056 4381 Haec
1102 4332 1354 4395 profecta
1407 4336 1534 4383 sunt
1590 4332 1825 4383 fortasse
1878 4347 1989 4383 non
2044 4348 2073 4382 e
2118 4328 2583 4393 Demosthenicis,

307 4412 406 4462 sed
459 4429 488 4463 e
541 4402 752 4479 Lysiae
805 4413 990 4480 aliquo
1042 4413 1185 4465 loco.
1254 4416 1394 4467 Nam
1437 4415 1682 4467 Rutilius
1728 4418 1917 4482 Lupus
1954 4418 2009 4467 11
2044 4420 2093 4479 §-
2123 4395 2188 4464 Ἐς
2250 4416 2455 4481 Lysiae
2494 4430 2583 4465 -ε
