3084 4938
744 360 1187 402 nanos-'rnnms
1220 362 1322 402 on.
1354 364 1437 401 m:
1470 362 1667 403 rans».
1698 363 2076 403 mam-loss.
2419 348 2542 409 667

256 518 407 586 λῶν
443 516 563 586 ἐᾶν
592 520 966 603 γίγνεσθαι.
992 548 995 553 ·
1038 512 1161 602 Μή
1183 544 1293 603 μοι
1318 516 1630 599 σωζέσθω
1665 510 1824 603 μηδ’
1861 511 2270 586 ἀπολλύσθω
2289 520 2542 605 μηδείς,

257 612 387 689 ι’ὶν4
422 612 459 686 ὃ
498 611 725 687 ὃεϊνα5
761 610 1135 705 βούληται,“
1168 613 1315 686 ἀλλ’
1364 612 1445 686 ὃν
1478 611 1599 687 ἄν’
1633 613 1714 687 τὰ
1759 619 2188 708 πεπραγμένα
2221 615 2394 706 σώζῃ
2431 619 2542 686 καὶ
2581 644 2628 683 ιο

259 712 715 807 τούναντίον,8
746 716 961 812 τούτῳ
994 725 1111 806 τῆς
1133 716 1588 807 προςηκούσης
1611 716 1843 808 ψήφου
1869 714 2030 809 παρ’
2065 712 2296 808 ὖμῶν9
2327 714 2542 807 ὑπαρ-

260 823 433 911 χέτω
468 818 840 910 τυγχάνειν.
924 823 1117 890 τοῦτο
1164 818 1291 910 γάρ
1341 824 1520 891 ἐστιν
1569 818 1940 909 δημοτικόν.
2014 818 2201 911 (297)
2225 816 2368 891 ”Eu
2411 827 2542 890 τοί-

260 952 399 993 νυν
434 924 666 992 πολλοὶ
704 918 866 1013 παρ’
904 915 1103 1011 ὑμῖνι
1144 924 1252 991 ἐπὶ
1286 916 1580 1013 καιρῶν2
1623 920 1978 1011 γεγόνασιν
2025 929 2290 1013 ἰσχυροί
2297 976 2318 1011 ,
2366 924 2544 992 Καλ-

260 1017 669 1114 λίστρατος,3
706 1014 908 1106 αὖθις
938 1020 1370 1114 Ἀριστοφῶν,
1420 1022 1811 1113 Διόφαντος,
1847 1022 2104 1095 τούτων
2140 1028 2351 1115 ἕτεροι
2383 1022 2540 1113 πρό-

258 1153 479 1215 τερον.
560 1122 727 1196 ἀλλὰ
752 1118 933 1209 ,ποῦ4
965 1123 1223 1195 τούτων
1272 1128 1541 1207 ἕκαστος
1579 1122 2021 1213 ἐπρώτευεν;5
2072 1130 2145 1197 ἐν
2177 1129 2273 1219 τῷ
2308 1120 2543 1219 &fugo-⁶
2575 1122 2626 1165 ¹⁵

263 1231 343 1298 ἐν
380 1228 455 1297 δὲ
486 1220 662 1308 ·ι.ὀι’ς’1
702 1233 1151 1317 δικαστηρίοις
1174 1221 1435 1309 οὐδείς8
1466 1254 1571 1297 πω
1595 1230 1781 1318 μέχρι
1804 1232 1920 1317 τῆς
1942 1222 2266 1319 τήμερον9
2297 1224 2544 1319 ἡμέρας

260 1413 429 1491 vulgo
462 1418 717 1473 maiorem
752 1414 869 1471 fieri
898 1416 1195 1489 patiamini.
1265 1415 1341 1471 Ne
1383 1416 1509 1471 mihi
1557 1417 1628 1471 sit
1667 1414 1956 1472 incolumis
1993 1432 2127 1472 neve
2166 1423 2356 1490 pereat
2395 1418 2545 1490 quis-

260 1518 425 1575 quam
458 1500 684 1557 alicuius
715 1501 1008 1562 arbitratu,
1044 1500 1137 1556 sed
1168 1517 1546 1575 quemcunque
1575 1501 1714 1557 sacta
1749 1507 1971 1556 tuentur
2000 1509 2054 1556 et
2085 1508 2300 1563 contra.
2334 1503 2386 1555 in
2419 1518 2540 1557 cum

258 1586 513 1641 meritam
544 1588 865 1641 sententiam
897 1585 1051 1641 ferte.
1115 1586 1221 1641 hoc
1250 1586 1389 1641 enim
1421 1585 1686 1659 populare
1715 1593 1816 1641 est.
1879 1578 2020 1660 (297)
2063 1585 2169 1641 lam
2199 1602 2302 1659 pro
2333 1587 2543 1641 ratione

264 1679 572 1744 temporum
604 1670 759 1727 multi
790 1670 932 1745 apud
973 1688 1069 1725 vos
1102 1670 1414 1731 valuerunt,
1458 1678 1519 1725 ut
1550 1668 1920 1731 Callistratus,
1965 1687 2159 1726 rursus
2186 1671 2540 1743 Aristophon.

260 1755 629 1829 Diophantus.
672 1755 761 1812 alii
807 1755 892 1811 his
924 1757 1277 1829 antiquiores.
1348 1763 1403 1811 at
1443 1754 1533 1811 ubi
1577 1756 1768 1811 horum
1813 1754 2014 1828 singuli
2057 1756 2418 1829 principatum
2465 1761 2542 1809 te-

260 1840 539 1895 nuerunt?
582 1841 723 1914 apud
766 1840 1050 1915 populum.
1123 1842 1177 1895 in
1226 1840 1439 1897 iudiciis
1482 1848 1662 1896 autem
1708 1840 1772 1895 ad
1815 1839 2136 1896 hodiernum
2179 1854 2355 1913 usque
2396 1838 2538 1895 diem

398 2021 451 2085 4)
490 2010 560 2073 ὃν
593 2010 670 2072 ἄν
704 2023 964 2089 Hermog.
1006 2023 1107 2073 Rh.
1145 2023 1208 2073 T.
1248 2022 1335 2072 111
1369 2038 1421 2087 p.
1460 2022 1560 2072 251
1599 2023 1688 2071 w,
1738 2020 1945 2072 Laurs.
1992 2021 2164 2072 Aldv.
2208 2020 2372 2071 Lina.
2419 2036 2542 2072 eon·

262 2106 339 2158 11.
398 2132 461 2142 —
520 2095 591 2157 ὃν
627 2099 731 2159 ἐὰν
765 2106 915 2172 vulg.
976 2134 1043 2143 —-
1103 2098 1207 2157 ἐὰν
1252 2108 1372 2157 sine
1419 2094 1487 2156 ὃν
1524 2106 1696 2171 Augl.
1739 2107 1807 2169 (k.
1845 2106 1911 2167 s).
1971 2133 2039 2142 —-
2097 2097 2172 2155 ἂν
2207 2106 2330 2157 sine
2365 2093 2435 2157 ὃν
2471 2104 2539 2158 Σ.

260 2190 315 2252 5)
356 2182 386 2242 ὁ
426 2190 593 2243 δεῖνα
625 2179 668 2258 ἦ
703 2187 823 2255 (καὶ
859 2190 1070 2256 Laui-S)
1107 2184 1139 2242 ὁ
1178 2189 1345 2242 δεῖνα
1378 2192 1527 2257 vulg.
1581 2216 1640 2225 —
1691 2182 1720 2242 ὁ
1761 2189 1928 2242 δεῖνα
1973 2190 2207 2256 simplex
2243 2190 2299 2241 Σ
2331 2191 2412 2255 (in
2448 2206 2540 2242 cu-

261 2278 351 2327 ius
386 2293 543 2342 marg
580 2278 732 2342 antiq
776 2292 862 2341 γρ.
900 2268 1021 2327 ἐὰν
1056 2268 1087 2328 ὁ
1126 2275 1295 2328 δεῖνα
1328 2265 1369 2342 ἦ
1403 2268 1433 2327 ὁ
1472 2274 1678 2340 δεῖνα).
1715 2276 1840 2327 Pel.
1901 2274 2038 2326 ‘Sed
2072 2276 2186 2329 vid.
2224 2275 2446 2339 Olynth.
2485 2277 2541 2328 11

258 2380 315 2428 p.
352 2361 421 2411 27
454 2363 502 2423 §-
540 2361 625 2414 31.
674 2377 841 2428 supra
876 2363 923 2423 §-
964 2360 1062 2411 185
1100 2360 1198 2423 (:=
1230 2363 1279 2423 §-
1318 2358 1469 2423 168).
1524 2359 1668 2411 Phil.
1706 2361 1732 2409 I
1777 2378 1831 2427 p.
1869 2358 1952 2410 53.
2000 2361 2050 2421 §-
2087 2362 2152 2409 52
2203 2359 2301 2423 (==
2334 2362 2382 2421 ς.
2419 2359 2537 2424 46).

260 2446 484 2497 Androt.
534 2463 593 2512 p.
628 2444 729 2498 599
772 2448 818 2510 §-
857 2446 926 2498 23
963 2445 1062 2512 (z
1094 2448 1141 2508 §-
1182 2442 1327 2510 18).’
1382 2444 1699 2496 Shilleto.
1780 2444 1851 2494 At
1895 2459 2001 2494 non
2049 2444 2152 2495 hoc
2199 2444 2538 2510 probandum

261 2535 399 2593 erat,
440 2533 607 2581 etiam
645 2548 680 2582 a
712 2532 1088 2583 Demosthene
1126 2531 1383 2596 usurpari
1426 2520 1457 2579 ὁ
1497 2527 1664 2581 δεῖνα
1697 2518 1738 2596 ἢ
1781 2519 1811 2579 ὃ
1850 2527 2017 2579 δεῖνα
2054 2535 2178 2594 post
2211 2531 2538 2594 Hoogevee·

258 2631 389 2665 num
428 2615 496 2666 ad
532 2615 721 2681 Viget.
758 2633 815 2682 p.
850 2617 913 2667 21
953 2633 1032 2682 sq.
1073 2617 1156 2667 ed.
1194 2617 1411 2679 Herm„
1458 2615 1557 2666 sed
1595 2616 1762 2665 etiam
1798 2614 2102 2679 simplicem
2140 2612 2428 2664 formulam
2465 2614 2536 2665 ab

258 2706 478 2751 oratore
530 2701 783 2752 adhiberi
838 2701 905 2752 de
962 2700 1181 2751 homine
1238 2701 1455 2766 proprie
1510 2716 1620 2750 non
1678 2699 1892 2766 quidem
1946 2699 2159 2749 incerto
2215 2698 2373 2760 (nam
2428 2699 2537 2750 vid.

260 2784 553 2836 Schaefer.
585 2786 787 2851 Appar.
826 2787 889 2835 Τ.
927 2785 955 2836 Ι
988 2803 1043 2852 p.
1068 2785 1207 2849 273),
1248 2791 1493 2835 attamen
1530 2785 1597 2834 de
1635 2784 1736 2834 tali
1773 2800 1934 2850 quem
1969 2785 2252 2834 nominare
2288 2798 2396 2833 non
2420 2788 2539 2849 pot-

260 2873 348 2920 est
383 2869 523 2933 (non
558 2869 731 2920 solum
768 2886 877 2920 non
911 2868 1077 2931 vult).
1151 2871 1357 2933 ‘Quum
1406 2870 1689 2936 quodlibet
1733 2884 1928 2921 nomen
1967 2868 2224 2920 adhiberi
2257 2883 2419 2935 posse
2455 2870 2537 2918 in·

260 2951 453 3004 dicat)
523 2955 825 3007 Hermann.
864 2955 935 3005 ad
968 2955 1155 3020 Viget.
1193 2971 1246 3020 p.
1286 2954 1385 3005 704
1422 2971 1501 3020 sq.
1565 2955 1652 3005 Cf.
1691 2955 1824 3005 Mid.
1859 2956 1907 3016 g,
1947 2953 2069 3004 141:
2118 2951 2181 3004 τί
2221 2944 2294 3020 δὴ
2331 2947 2401 3003 τοὶ
2439 2949 2538 3004 καὶ

258 3031 330 3089 τοὶ
367 3031 678 3097 πεπονθῶς
714 3030 744 3089 ὃ
783 3037 966 3091 δεῖνα.
1026 3038 1171 3090 Phil.
1209 3040 1235 3088 I
1270 3041 1317 3100 §-
1357 3037 1449 3089 19:
1495 3027 1609 3089 κᾶν
1653 3037 1886 3099 πλείους
1929 3027 2042 3088 κᾶν
2085 3031 2186 3090 τὸν
2223 3038 2392 3090 δεῖνα
2427 3025 2539 3089 κᾶν

258 3113 525 3174 ὁντινοῦν
571 3114 999 3190 χειροτονήσητε
1054 3116 1388 3188 στρατηγόν.
1459 3122 1684 3188 Olynth.
1729 3124 1784 3174 ΙΙ
1831 3124 1878 3185 §-
1925 3122 1990 3174 33
2035 3113 2180 3189 μηδ’
2224 3161 2238 3174 .
2275 3161 2290 3176 .
2328 3160 2342 3174 .
2397 3115 2541 3188 ἐμοῦ

257 3199 409 3274 μηδὲ
444 3203 545 3260 τοῦ
582 3206 791 3266 δεῖνος.
928 3207 991 3270 6)
1040 3202 1303 3272 βούλεται
1337 3206 1459 3257 Fel.
1498 3207 1659 3256 Lind.
1800 3205 1870 3271 7)
1917 3193 1992 3256 ἂν
2028 3224 2113 3259 om
2151 3208 2203 3257 k.
2341 3205 2400 3273 8)
2438 3205 2538 3260 καὶ

257 3281 600 3344 τούναντίου
635 3311 684 3344 u.
720 3319 788 3328 —-
825 3279 880 3358 *ἢ
914 3283 1253 3344 τούναντίον
1290 3282 1608 3358 (ἀπολλύῃ).
1645 3283 1823 3359 τούτῳ
1859 3293 1940 3342 sic
1965 3292 2088 3356 lego
2126 3298 2182 3343 et
2206 3295 2536 3360 interpungo

260 3375 411 3444 [nam
457 3376 585 3427 olim
629 3367 971 3428 τούναντίον
1028 3393 1149 3428 cum
1201 3367 1384 3440 τούτῳ
1441 3373 1914 3440 continuabatur}
1995 3375 2292 3427 Subaudiri
2333 3368 2535 3444 potest,

258 3462 419 3526 quasi
456 3461 775 3527 scripsisset
808 3449 847 3528 ἦ
881 3451 1223 3514 τούναντίον
1257 3459 1417 3528 ποιῇ,
1464 3461 1547 3511 sic
1592 3467 1653 3510 ut
1687 3461 1907 3510 videtur
1941 3459 2103 3511 Plato
2140 3459 2304 3528 Gorg.
2343 3479 2396 3528 p.
2434 3460 2536 3512 504

254 3547 323 3596 Ε.
362 3545 459 3596 sed
495 3561 601 3597 non
639 3550 768 3612 puto
804 3546 886 3595 ita
922 3545 1097 3596 solere
1133 3546 1576 3598 Demosthenem.
1647 3545 1770 3597 vid.
1808 3545 1877 3594 ad
1913 3561 1964 3610 p.
2001 3544 2118 3608 446,
2157 3545 2248 3607 23,
2289 3545 2384 3596 ubi
2421 3545 2538 3596 alia

256 3629 422 3680 ratic.
500 3630 587 3680 De
632 3622 973 3681 τούναντίον
1016 3647 1067 3696 p.
1116 3629 1242 3694 369,
1282 3630 1329 3680 7.
1386 3647 1440 3695 p.
1476 3629 1603 3690 370,
1647 3629 1723 3680 10.
1780 3646 1834 3694 p.
1882 3628 2008 3693 396,
2047 3630 2132 3680 26.
2187 3648 2238 3697 p.
2276 3628 2378 3680 406
2411 3630 2536 3682 init.

254 3713 462 3781 Megal.
501 3732 553 3780 p.
592 3713 717 3778 207,
756 3715 824 3768 42
878 3715 1250 3765 Dobraeus.
1311 3715 1381 3763 At
1418 3715 1493 3764 cf.
1541 3715 1589 3775 §-
1628 3715 1714 3764 91.
1776 3715 2070 3765 Sententia
2118 3715 2370 3766 adverbii
2403 3715 2456 3768 h.
2495 3715 2533 3765 1.

256 3805 345 3850 est
378 3799 415 3848 i.
454 3815 505 3865 q.
542 3807 593 3850 et
626 3801 680 3850 in
714 3802 981 3850 contraria
1015 3815 1197 3857 causa,
1232 3801 1281 3849 si
1314 3801 1623 3850 contrarium
1658 3801 1868 3860 accidit,
1905 3803 1970 3850 im
2003 3800 2358 3866 umqekekrten
2389 3801 2536 3864 falle.

250 3883 309 3949 9)
344 3874 487 3948 ὑμῖν
519 3883 694 3951 Aug-l.
720 3884 770 3934 k.
826 3901 871 3934 r.

392 3969 534 4023 297.
590 3968 640 4031 1)
666 3951 826 4035 ὖμῶν
850 3968 1057 4019 LaurS.
1128 3967 1187 4030 2)
1210 3966 1391 4031 καιροῖ
1410 3965 1492 4021 Ω.
1565 3967 1616 4028 3)
1636 3966 2057 4034 Καλλίστρατος
2081 3961 2300 4027 ἐκεῖνος
2324 3969 2532 4022 Laui-S.

252 4051 405 4118 vulg.
478 4051 565 4101 Of.
603 4051 727 4104 Cor.
767 4054 815 4115 ἓ.
853 4051 973 4105 210.
1031 4079 1096 4088 -—-
1158 4045 1377 4110 ἐκεῖνος
1422 4068 1509 4102 om
1555 4069 1618 4118 pr
1657 4053 1734 4114 Σ,
1783 4053 1889 4103 add
1933 4055 2106 4117 antiq.
2153 4055 2288 4104 item
2333 4069 2420 4104 om
2471 4053 2534 4108 Τ.

252 4135 430 4203 Augl.
469 4135 630 4190 Lind.
668 4135 756 4202 (s).
816 4163 883 4176 —-
942 4128 1065 4188 ἐκεῖ
1094 4153 1161 4203 pr
1195 4134 1334 4198 Mal,
1388 4137 1475 4187 cui
1512 4135 1639 4186 Chr.
1680 4137 1786 4188 add
1821 4152 1938 4194 voc.
2085 4137 2148 4200 4)
2195 4135 2310 4189 ποῦ
2343 4153 2430 4188 om
2468 4137 2534 4190 Φ.

251 4221 307 4283 5)
346 4210 631 4272 ἕπῶτενεν
664 4237 729 4287 pr
763 4218 844 4274 Ω.
991 4221 1055 4280 6)
1094 4214 1157 4272 ἐν
1192 4218 1270 4285 τῷ
1307 4214 1470 4286 δήμῳ
1504 4237 1590 4271 om
1627 4237 1692 4287 pr
1725 4218 1866 4279 Mal,
1915 4220 2022 4271 add
2058 4221 2186 4271 Chr.
2326 4221 2378 4276 7)
2415 4224 2536 4280 τοῖς

252 4303 465 4356 excidit
499 4306 559 4355 in
592 4306 778 4358 Herw.
890 4304 943 4368 8)
987 4295 1126 4356 οὐδέ
1164 4319 1287 4354 corr
1318 4303 1407 4365 Ω,
1456 4306 1516 4354 in
1551 4321 1656 4370 quo
1693 4321 1745 4364 ις,-
1781 4318 1980 4354 erasae
2017 4311 2160 4354 sunt.
2271 4301 2328 4367 9)
2365 4295 2535 4369 σήμε-

252 4405 356 4454 ρον
392 4387 593 4440 Laui-8.
641 4390 768 4440 vid.
804 4388 1059 4452 Prolegg.
1098 4388 1339 4462 Gramm.
1375 4389 1423 4448 §-
1464 4385 1579 4438 133.
