3084 4938
871 338 1327 423 uenosi-neuls
1359 382 1601 423 οκΑτιο
1640 382 1723 422 nn
1756 382 2025 429 conum.
2461 370 2573 433 171

299 528 463 625 oov⁸
495 528 696 605 ὄντα9
733 531 846 604 διὰ
879 531 993 615 τὰς
1039 529 1174 605 ὑπὸ
1218 533 1458 605 τούτου
1507 542 1928 626 βλασφημίας
1978 539 2326 628 εἰρημένας
2342 532 2391 573 ¹⁰
2434 534 2585 609 ἀντὶ

298 639 570 707 πολλῶν
603 638 718 706 καὶ
753 638 1029 719 ψευδῶν
1063 632 1232 707 αὐτοὶ
1253 632 1753 725 τάναγκαιότατ’
1782 646 1995 709 εἰπεῖν
2018 641 2171 729 περὶ
2205 635 2437 727 αὐτοῦ,
2474 643 2584 710 καὶ

303 742 542 826 δεῖξαι,
579 746 679 819 τίς
715 733 960 811 &vocal
996 733 1257 809 τίνωνῙ1
1299 744 1551 831 ῥᾳδίως
1584 736 1796 822 οὕτως
1840 736 2029 831 ἄρχει
2074 743 2199 811 τοῦ
2231 745 2447 823 κακῶς
2482 744 2589 811 M·-
2624 766 2667 806 ιε

297 867 472 931 γειν,
510 842 620 911 καὶ
656 838 896 929 λόγους
930 835 1179 921 τίνας12
1217 839 1541 932 διασύρει,
1559 834 1609 875 ¹³
1653 838 1855 923 αὐτὸς
1902 839 2182 933 εἰρηκώς
2226 838 2271 913 ἃ
2314 850 2413 925 τίς
2458 840 2585 913 οὐκ

301 1052 386 1101 tet
413 1050 642 1119 propter
679 1052 994 1102 coacervata
1038 1046 1198 1101 istius
1241 1044 1523 1101 maledicta
1566 1062 1666 1119 pro
1712 1044 1898 1101 multis
1928 1054 1985 1102 et
2013 1042 2167 1103 salsis
2198 1047 2314 1116 sola
2355 1049 2583 1105 maxime

299 1131 609 1187 necessaria
637 1129 704 1185 de
726 1146 792 1185 eo
814 1128 1012 1191 dicere,
1043 1136 1207 1203 atque
1239 1128 1540 1191 ostendere.
1568 1132 1690 1205 quis
1712 1129 1804 1185 ille
1826 1138 1881 1185 et
1908 1130 2107 1204 quihus
2131 1139 2287 1187 ortus
2308 1131 2581 1189 natalibus

297 1215 436 1271 adeo
467 1213 778 1289 petulanter
802 1214 1118 1270 maledicere
1143 1220 1385 1287 coeptet,
1418 1221 1471 1268 ct
1503 1232 1639 1288 quas
1662 1216 1937 1269 orationes
1970 1215 2231 1287 exagitet,
2263 1233 2429 1291 quum
2462 1218 2581 1293 ipse

297 1430 354 1479 p.
393 1412 492 1463 342
538 1414 740 1479 optime
789 1412 1045 1478 exposuit
1077 1404 1247 1476 λόγον
1285 1402 1658 1474 ἐνδιάθετον,
1699 1408 1829 1462 ’καὶ
1863 1405 2108 1479 μάλιστα
2129 1412 2235 1465 τοῦ
2271 1412 2579 1475 δοκοῦντος

295 1496 410 1549 σὺν
433 1487 576 1563 ὀργῇ
609 1492 872 1561 root-{vat
913 1534 926 1547 .
952 1532 966 1547 .
994 1534 1006 1547 .
1045 1490 1172 1547 οἷον
1210 1488 1549 1559 ἐξίστασθαι
1586 1493 1785 1547 δοκεῖν
1808 1488 1923 1547 ὑπὸ
1947 1495 2051 1547 τοῦ
2074 1490 2341 1558 πάθους]
2388 1500 2437 1551 A
2472 1517 2577 1566 quo

295 1584 524 1634 rhetore
571 1582 830 1633 docemur
884 1581 1062 1631 locum
1107 1581 1251 1632 hunc
1299 1574 1647 1633 ἐνδιάθετον
1683 1581 1965 1647 apodosim
1999 1580 2206 1634 hebere
2240 1599 2348 1636 non
2384 1584 2578 1649 forma,

296 1672 552 1719 attamen
597 1667 885 1733 perspicue
936 1666 1228 1717 sententia.
1303 1666 1479 1727 Quum
1537 1665 1683 1716 enim
1729 1670 1941 1725 orator,
1998 1666 2045 1717 si
2090 1665 2283 1719 sedate
2330 1668 2576 1733 dixisset,

293 1752 382 1803 sic
428 1752 549 1803 fere
596 1750 670 1802 ad
719 1750 998 1817 spodosim
1031 1751 1421 1825 processisset:
1465 1742 1601 1816 ,χρὴ
1638 1745 1771 1813 περὶ
1807 1747 1913 1801 σοῦ’
1946 1746 2045 1800 καὶ
2078 1750 2192 1803 τῶν
2226 1750 2340 1803 σῶν
2374 1747 2577 1811 εἰπεῖν,
2618 1775 2621 1801 :

293 1828 499 1899 ἀπορῶ
536 1830 629 1895 δέ,
676 1834 780 1886 τοῦ
825 1827 1049 1900 πρώτου
1092 1832 1351 1900 μνησθῶ.
1427 1834 1533 1885 Sed
1577 1838 1703 1901 post
1746 1833 2051 1901 longiorem
2104 1826 2424 1902 ἕπεμβολήν
2469 1838 2613 1900 (65.-

299 1921 401 1971 127
439 1926 494 1969 et
536 1918 649 1982 128)
684 1935 827 1971 novo
861 1922 1050 1987 vig-ore
1086 1920 1360 1969 incursum
1395 1918 1605 1985 incepit
1640 1921 1686 1981 ἓ.
1719 1917 1830 1969 129.
1902 1919 2201 1985 Perperam
2238 1924 2421 1971 autem
2456 1926 2582 1986 post

295 2005 615 2055 Dissenium
661 2020 762 2056 nos
809 2019 930 2055 cum
967 2003 1092 2054 aliis
1127 2004 1252 2054 olim
1289 2002 1698 2055 anacoluthiam
1732 2020 1833 2070 per
1866 2004 2127 2057 lineolam
2162 2008 2287 2071 post
2322 1999 2578 2071 φθέγξα-

295 2089 446 2141 σθαι
479 2088 871 2153 indicavimus,
925 2090 1030 2139 etsi
1091 2092 1252 2155 rupta
1307 2092 1394 2138 est
1445 2090 1641 2139 oratio.
1713 2104 1841 2140 nam
1896 2084 1952 2139 εἰ
2000 2082 2110 2154 γὰρ
2164 2090 2577 2141 coniunctiones

298 2174 610 2225 arctissime
647 2174 892 2239 proxima
937 2188 1059 2224 cum
1093 2174 1432 2239 praegressis
1469 2178 1818 2225 connectunt.
1888 2174 2053 2224 Hunc
2090 2190 2299 2241 quoque
2338 2178 2575 2227 fortasse

296 2258 478 2309 locum
513 2258 687 2309 schol.
725 2257 979 2308 Aristidis
1015 2274 1066 2322 p.
1092 2256 1193 2307 252
1229 2258 1322 2307 Fr.
1359 2258 1625 2322 respexit:
1666 2251 1808 2317 ἔθος
1844 2252 1939 2323 δέ,
1975 2259 2179 2324 inquit,
2215 2263 2337 2319 τοῖς
2373 2253 2575 2325 &jz-oo-

297 2356 422 2405 σιν,
459 2330 601 2393 ὅταν
648 2340 820 2409 θυμῷ
855 2332 1188 2407 κινούμενοι
1225 2338 1470 2405 χρῶνται
1503 2342 1626 2400 τοῖς
1661 2334 1863 2407 λόγοις,
1904 2333 2183 2395 ἐλλείπειν
2218 2336 2325 2410 τὴν
2358 2335 2575 2395 ἀπόδο-

297 2441 424 2492 σιν,
468 2420 604 2488 ὄςτε
652 2422 751 2479 καὶ
787 2420 1171 2493 Δημοσθένης
1215 2423 1504 2491 πολλαχοῦ
1547 2440 1607 2476 τε
1653 2428 1811 2479 ποιεῖ
1850 2422 1949 2478 καὶ
1994 2414 2088 2478 ὅτε
2124 2421 2266 2493 πρὸς
2299 2422 2577 2495 Αἰσχίνην

295 2507 770 2578 καταφερόμενος
805 2503 986 2562 αὐτοῦ
1020 2499 1404 2561 ἀποτείνεται.
1473 2511 1528 2574 7)
1564 2507 1663 2562 καὶ
1687 2510 1809 2561 loco
1832 2501 1903 2562 οὐ
1936 2513 2076 2578 Ang.
2103 2541 2169 2548 —
2203 2530 2289 2564 om
2315 2530 2377 2580 pr
2400 2505 2453 2565 νζ
2519 2513 2575 2578 8)

297 2595 719 2662 φιλολοίδωρον
753 2596 907 2648 Pall.
946 2595 1146 2661 prUrb.
1183 2595 1380 2646 Vind5.
1449 2593 1502 2660 9)
1542 2586 1874 2666 ‹piqsgpm
1905 2588 2050 2650 ὄντα
2071 2598 2292 2654 Leuis.
2323 2595 2473 2666 vulg:
2510 2627 2573 2634 --—

295 2699 384 2733 om
409 2697 476 2747 pr
498 2681 556 2732 Σ
586 2681 716 2744 (add
753 2681 942 2745 antiq).
979 2696 1035 2746 η.
1072 2683 1192 2730 text
1213 2680 1265 2730 F
1296 2683 1352 2730 et
1387 2683 1506 2730 text
1531 2667 1832 2744 &lhabent
1856 2679 1914 2731 hl
1938 2683 2043 2734 duo
2081 2683 2235 2734 codd.
2273 2685 2333 2733 in
2369 2681 2477 2748 γρ).
2511 2683 2573 2733 Τ.

293 2767 496 2818 Vindct.
548 2766 682 2816 Urb.
751 2765 1126 2831 Hermogenes
1183 2767 1414 2830 utroque
1481 2763 1623 2814 loco.
1697 2765 2037 2831 Quamquam
2095 2769 2300 2833 passim
2358 2768 2573 2820 scribae

293 2883 676 2951 compendium
714 2865 812 2945 φ’,
857 2882 1005 2934 male
1048 2881 1437 2950 intelligebant
1493 2882 1625 2946 (vid.
1671 2885 1824 2934 Bast.
1872 2883 2165 2952 Palaeogr.
2216 2901 2268 2952 p.
2316 2883 2574 2964 836‘sq.),

293 2975 502 3032 tamen,
541 2973 602 3018 ut
635 2969 681 3030 §-
711 2965 804 3018 131
843 2967 1148 3018 rectissime
1173 2973 1449 3018 servatum
1487 2971 1591 3031 est,
1629 2968 1679 3017 h.
1718 2967 1755 3018 l.
1793 2969 1990 3020 merito
2025 2968 2355 3020 vocabulum
2394 2969 2571 3033 abest,

295 3055 426 3120 quia
461 3054 568 3104 hoc
605 3053 792 3103 addito
825 3051 1225 3103 Demosthenes
1271 3052 1603 3104 concederet
1637 3067 1725 3114 se,
1764 3053 2013 3118 quamvis
2047 3059 2247 3104 natura
2284 3053 2355 3104 ad
2390 3055 2575 3105 convi-

293 3141 377 3190 tia
411 3154 524 3190 non
558 3152 904 3204 propensum,
940 3141 1125 3210 tgmen
1162 3136 1452 3188 convitiari
1486 3136 1540 3186 h.
1577 3135 1633 3198 l.,
1674 3152 1780 3187 non
1818 3137 2133 3208 defendere.
2228 3137 2312 3201 10)
2350 3131 2573 3205 εἰρημέ-

294 3239 433 3280 νους
468 3223 610 3288 Aug.
647 3247 710 3255 —
747 3238 832 3272 om
867 3223 1202 3285 Doxopater.
1314 3218 1394 3282 11)
1441 3207 1503 3292 ἐκ
1539 3218 1713 3272 τίνων
1748 3221 2107 3274 Marklandus
2154 3223 2408 3274 coniecit.
2482 3223 2570 3273 Cf.

292 3307 548 3380 {enoph
584 3306 762 3362 Anah.
799 3307 898 3372 111,
941 3306 972 3354 2
1007 3307 1054 3370 §-
1093 3305 1182 3354 14:
1218 3297 1495 3356 τοιούτων
1529 3299 1637 3370 μέν
1673 3295 1794 3359 ἔστε
1830 3297 2152 3372 προγόνους
2190 3307 2268 3358 ibi
2303 3307 2571 3373 Krueger.

298 3392 381 3455 12)
420 3383 587 3450 τινὰς
621 3391 826 3442 LaurS.
861 3389 1011 3457 vulg.
1044 3413 1115 3429 ·—
1147 3405 1310 3448 τινας
1334 3388 1402 3441 Σ.
1438 3415 1508 3426 --
1540 3388 1707 3448 τίνας
1744 3389 1829 3452 (Φ.
1866 3391 1916 3445 lc.
1954 3399 1989 3440 t.
2026 3408 2071 3442 v.
2106 3391 2303 3442 Vindl.
2340 3391 2493 3441 Pall.
2521 3394 2571 3443 2.

291 3477 444 3526 Man.
485 3475 648 3542 Aug.)
696 3501 758 3510 —-
807 3467 1008 3542 ιἐμοὺς
1043 3473 1180 3524 scil.’
1217 3474 1390 3536 Aldv,
1427 3477 1488 3524 ut
1525 3475 1695 3524 etiam
1730 3475 1987 3525 Reiskius
2021 3474 2364 3526 indefinitum
2401 3475 2572 3542 expli—

293 3560 466 3612 cavit.
536 3561 722 3610 Etiam
767 3558 1099 3612 Schaeferus
1145 3559 1202 3608 in
1239 3559 1466 3624 Seageri
1504 3556 1681 3621 (Diar.
1722 3557 1952 3609 Classic.
1990 3559 2055 3608 T.
2094 3561 2225 3610 LIII
2260 3577 2315 3626 p.
2351 3559 2439 3625 52)
2478 3561 2571 3612 de-

293 3645 546 3695 fensione
596 3649 652 3694 et
695 3644 1066 3710 explicatione
1113 3643 1384 3694 indefiniti
1437 3643 1771 3708 pronominis
1824 3643 2147 3710 acquiescit.
2217 3645 2573 3698 Defendebat

291 3730 460 3780 etiam
496 3743 670 3794 nuper
705 3727 860 3792 (1851
899 3729 1054 3779 Diar.
1090 3729 1276 3792 Antiq.
1313 3744 1364 3793 p.
1399 3727 1520 3790 429.)
1559 3727 1985 3780 Rauchenstein.
2056 3728 2129 3780 At
2164 3730 2213 3780 si
2246 3731 2571 3783 Demosthe-

291 3829 390 3863 nes
427 3804 632 3879 λόγους
667 3805 822 3863 τινὰ
844 3829 872 3872 ς
908 3804 1186 3876 διασύρει,
1223 3803 1396 3872 αὐτὸς
1432 3802 1673 3878 εἰρηκώς
1698 3817 1804 3862 etc.
1842 3811 2087 3876 dixisset,
2126 3816 2453 3868 concederet
2486 3832 2569 3880 se,

291 3913 622 3963 quamquam
662 3899 966 3948 Aeschines
1011 3897 1362 3948 horribiliora
1416 3879 1759 3962 protulisset,
1806 3902 1993 3948 tamen
2036 3899 2401 3966 vituperanda
2447 3917 2569 3965 pro-

289 3982 580 4032 nuntiasse
613 3981 810 4047 ipsum.
882 3982 1172 4033 Sententia
1210 3985 1318 4032 est:
1359 3979 1548 4047 qualia
1584 3996 1709 4031 mea
1741 3982 1931 4050 rerba,
1970 3997 2131 4048 quam
2168 3984 2329 4034 utilia
2366 3983 2436 4033 ad
2471 4000 2568 4050 pa·
2614 3995 2624 4039 ι

289 4067 452 4118 triam
499 4065 855 4130 servandam,
905 4067 1169 4132 exagitat.
1239 4067 1326 4116 De
1371 4066 1479 4116 hac
1525 4081 1585 4116 re
1630 4065 2030 4119 Demosthenes
2071 4071 2245 4134 primo
2281 4068 2570 4119 Aeschinis
2612 4048 2619 4089 Ι

288 4149 571 4202 natalibus
621 4149 915 4210 traductis,
964 4157 1076 4201 tum
1120 4166 1250 4202 suas
1299 4150 1574 4202 salutares
1618 4151 1899 4202 orationes
1934 4150 2141 4202 retulit.
2244 4149 2332 4214 13)
2371 4141 2565 4201 διασύ-

289 4249 414 4298 ρειν
450 4250 518 4300 γρ
555 4234 709 4285 Aldv
748 4251 814 4286 ex
847 4235 948 4285 Ind
981 4235 1101 4288 Fel.
1137 4235 1307 4302 Augl.
1337 4239 1385 4287 2.
1413 4237 1462 4284 4.
1497 4251 1538 4288 ε.
1578 4235 1746 4285 Ald'l'.
1786 4235 1917 4284 Obs.
1943 4233 2139 4285 ‚Guelfi
2178 4233 2336 4284 Lind.
2374 4234 2568 4284 Vindl.

289 4319 444 4368 Pal2.
493 4319 631 4368 Urb.
678 4335 744 4384 pr
773 4321 922 4369 Man.
999 4320 1342 4382 ‘Infinitivus
1377 4320 1691 4387 perplacet,
1740 4325 1801 4369 ut
1837 4317 2220 4369 continuentur
2266 4307 2431 4382 ἄρχει
2470 4355 2485 4369 .
2513 4354 2527 4368 .
2554 4358 2566 4370 .

289 4397 629 4467 διασύρειν)
703 4403 918 4454 Schae
935 4405 960 4454 s
969 4419 1140 4455 erus.
1221 4405 1437 4471 lncepit
1499 4403 1803 4455 Aeschines
1860 4400 2219 4465 maledicere,
2282 4401 2568 4472 exagitare
