3084 4938
965 332 1404 374 vnnos'runms
1425 334 1671 377 -onmto
1704 335 1787 376 m:
1820 335 2087 377 conon.
2543 324 2663 383 167

376 504 556 559 εῖναι
603 491 700 581 τῶ
744 489 1110 580 δημσεικω,
1159 481 1412 575 msa-159³
1459 482 1811 577 ἆνδριαντ’
1866 486 2252 571 ἑκδεδωκως
2296 486 2461 561 κατὰ
2506 511 2663 578 συγ-

371 586 674 679 γραφήν,
713 584 824 658 εἶτ’
865 616 992 659 ουκ
1026 595 1282 677 ἔχοντα,
1319 584 1363 657 ἃ
1395 593 1726 679 προςῆκεν
1764 592 1835 660 ἐκ
1870 594 1983 678 τῆς
2018 585 2461 714 συγγραφῆς,*
2484 620 2663 681 κομι·
2700 619 2750 659 ιο

374 690 670 781 ξάμενος,
707 685 750 778 ἢ
786 686 998 783 λόγῳ5
1033 687 1189 770 τούς
1228 688 1622 781 δημοτικούς
1654 688 1808 761 ἀλλ’
1856 688 1937 762 οὐ
1984 710 2121 775 τοῖς
2168 686 2505 785 πράγμασι
2552 696 2665 765 καὶ

371 810 518 875 τοῖς
553 790 988 882 πολιτεύμασι
1046 788 1683 883 γιγνιὶωσκομιένουςς.6
1755 796 1865 863 καὶ
1882 788 1903 825 ⁷
1962 798 2125 885 βοᾷς
2172 792 2339 885 ῥητοὶ
2386 792 2662 887 καρρητ’

371 888 793 985 ὀνομιιὶζων,8
863 922 1082 984 menso
1121 896 1182 977 ἐξ
1218 888 1528 983 ἇμάξης,”
1563 890 1606 964 ἆ
1594 890 1797 965 σοὶιθ
1833 898 1943 965 καὶ
1965 899 2065 990 τῷ
2087 893 2217 991 σςιῖι
2224 891 2447 987 ¹ye'vs1.
2472 895 2666 988 πρός-

376 1018 586 1085 εστιν,
621 992 748 1067 οὐκ
783 999 945 1085 ἐμοί.
968 991 1012 1030 ¹²
1082 994 1267 1085 (123)
1305 990 1571 1067 Καίτοι.Ι
1612 989 1946 1085 τοῦτοξσο
1923 986 1983 1031 '³
2016 994 2307 1089 ἅνδρες’
2296 1012 2665 1089 Αθηναῖοι·
2701 1024 2750 1065 ιε,

377 1203 527 1257 mine
564 1200 846 1275 populari,
889 1200 1042 1274 quasi
1091 1206 1325 1257 statuam
1369 1200 1643 1257 elocasses
1685 1217 1715 1255 e
1746 1200 1949 1257 tabulis
1978 1208 2189 1275 pactam
2219 1218 2443 1278 eamque
2472 1211 2664 1278 postea

377 1287 686 1359 recepisses
715 1302 828 1341 non
860 1287 934 1341 ita
965 1285 1288 1359 perfectam,
1334 1292 1396 1341 ut
1429 1285 1643 1342 tabulae
1674 1285 1956 1347 iubebant,
1989 1295 2084 1342 aut
2113 1290 2270 1361 quasi
2302 1305 2330 1343 e
2360 1288 2569 1350 verbis,
2603 1306 2666 1345 ac

377 1388 496 1425 non
537 1386 568 1425 e
609 1371 764 1426 factis
795 1378 850 1424 et
881 1369 1043 1426 rebus
1073 1372 1244 1441 gestis
1275 1371 1520 1426 homines
1552 1370 1847 1445 populares
1888 1374 2259 1429 aestimentur.
2321 1380 2375 1428 et
2406 1374 2666 1429 vocifera·

375 1458 459 1511 ris
481 1496 494 1515 ,
525 1454 792 1528 tantisque
822 1462 878 1509 et
909 1454 1120 1511 infanda
1153 1457 1433 1516 nominas,
1469 1462 1721 1528 tanquam
1755 1454 1821 1511 de
1850 1455 2128 1529 plaustro,
2162 1474 2299 1531 quae
2331 1457 2427 1513 tihi
2458 1466 2665 1533 tuoque

373 1542 568 1613 generi
622 1548 777 1599 sunt.
826 1556 936 1595 non
979 1540 1128 1594 mihi.
1192 1538 1335 1610 (123)
1377 1539 1693 1613 Quanquam
1727 1541 1827 1597 hoc
1859 1538 2105 1613 (dicam),
2136 1542 2519 1599 Athenienses:
2552 1542 2665 1615 Ego

374 1786 458 1886 ug
493 1824 708 1887 (hocin
732 1822 952 1885 rasura)
989 1826 1118 1873 sunt
1153 1822 1432 1873 secundae
1458 1838 1529 1875 m.
1568 1848 1631 1857 —
1668 1808 1850 1887 λέγεις
1884 1816 2028 1887 πρὸς
2062 1809 2103 1873 ἃ
2136 1823 2259 1875 Bav
2294 1823 2437 1890 (Π).
2507 1824 2567 1888 3)
2590 1819 2667 1884 ὥς

372 1907 574 1957 vind7.
679 1907 734 1972 4)
784 1905 1013 1973 γραφῆς
1055 1923 1101 1961 ε.
1144 1906 1340 1957 vindl.
1449 1906 1502 1970 5)
1544 1906 1759 1957 ‘Locus
1794 1912 2101 1973 corruptus.
2171 1907 2359 1959 forsan
2392 1899 2467 1967 ὥς
2504 1900 2665 1976 λόγῳ.

381 1996 519 2058 puto
556 1990 765 2057 aliquid
801 1991 1035 2043 deesse.’
1075 1992 1394 2057 Toupius.
1437 1988 1677 2057 [Citavit
1711 1991 1997 2056 Taylorus‚
2037 1992 2231 2043 neseio
2268 1992 2427 2056 unde,
2468 1994 2595 2045 fort.
2636 2010 2664 2045 e

375 2092 591 2143 margg.
639 2072 842 2143 mstis}
916 2076 1102 2135 ‘Vide‚
1151 2092 1222 2126 an
1269 2062 1309 2142 ἦ
1352 2092 1450 2141 pro
1495 2064 1538 2141 ἦ
1580 2075 1872 2141 legendum
1908 2078 2017 2127 sit!
2088 2076 2662 2129 Wunderlichius.

377 2162 588 2223 ‘Quam
625 2166 814 2212 notam
836 2160 1131 2211 Disaenius
1170 2162 1286 2211 iure
1323 2161 1523 2211 omisit.
1572 2160 1817 2227 Vulgata
1854 2162 1999 2211 enim
2036 2164 2149 2225 tam
2184 2176 2325 2212 sana
2360 2165 2445 2211 est
2478 2162 2664 2213 simul-

377 2262 486 2311 que
531 2250 644 2297 tam
691 2245 878 2296 facilis
925 2244 1246 2307 intellectu,
1295 2249 1355 2294 ut
1401 2260 1470 2295 ne
1515 2245 1620 2295 tiro
1670 2246 1887 2311 quidem
1922 2244 2155 2296 haerere
2192 2261 2353 2312 posse
2390 2247 2664 2299 videatur.
2710 2285 2713 2298 .

376 2332 624 2397 Ecquem
659 2329 904 2381 offendat
937 2329 1216 2395 particula
1251 2318 1434 2393 ὥςπερ
1471 2330 1703 2395 primum
1746 2330 1939 2381 iuncta
1986 2329 2271 2397 participii
2306 2332 2661 2395 nominativo,
2708 2363 2713 2372 ·

377 2415 578 2466 deinde
623 2414 782 2465 facta
825 2414 896 2464 ad
943 2414 1094 2465 aliud
1141 2414 1448 2464 subiectum
1494 2413 1852 2465 conversione
1890 2414 2275 2465 accusativo?’
2328 2416 2663 2467 Schaefe—

379 2517 512 2552 rus.
583 2499 669 2550 cf.
715 2499 1149 2550 Rauchenstein.
1198 2498 1234 2550 l.
1275 2515 1328 2549 c.
1373 2515 1426 2564 p.
1462 2499 1529 2548 24
1564 2513 1647 2564 sq.
1716 2497 1769 2564 6)
1816 2493 2196 2566 γιγνωμένους
2242 2505 2359 2551 text
2392 2499 2471 2564 Ω,
2508 2518 2665 2568 marg

375 2601 446 2650 γρ
485 2577 986 2650 γιγνωσκομένους.
1023 2609 1088 2620 --
1136 2577 1561 2648 σκοπουμὲνους
1595 2583 1769 2654 Αιις4.
1874 2584 1925 2648 7)
1972 2582 2072 2635 καὶ
2110 2601 2195 2636 om
2230 2585 2263 2634 k
2302 2585 2429 2648 (non
2468 2584 2560 2649 Σ).
2600 2613 2659 2622 ——

375 2671 436 2720 in
471 2685 542 2734 γρ
576 2685 620 2719 s.
658 2669 1000 2720 Deleverunt
1033 2668 1322 2720 Doberenz
1359 2667 1396 2718 l.
1437 2683 1482 2718 c.
1522 2685 1581 2733 p.
1618 2669 1667 2721 7.
1706 2673 1763 2719 et
1798 2669 2049 2732 Turicc.,
2092 2670 2221 2734 quia
2256 2670 2398 2720 falso
2434 2674 2665 2735 putave-

375 2759 506 2805 rant
543 2753 740 2804 abesse
776 2751 1106 2820 particulam
1139 2753 1198 2803 in
1223 2753 1291 2816 Σ.
1396 2751 1450 2816 8)
1488 2752 1817 2804 citaverunt
1850 2752 2115 2820 Hal-poor.
2156 2754 2305 2804 Suid.
2343 2753 2499 2804 Phot.
2536 2768 2583 2808 s.
2608 2769 2660 2805 v.

369 2837 428 2902 9)
470 2829 532 2900 ἐξ
568 2827 796 2904 ἁμάξης
845 2837 1155 2888 citaverunt
1191 2836 1372 2887 Schol.
1411 2838 1688 2903 Aristoph.
1736 2839 1879 2904 qu.
1914 2853 1997 2888 vs.
2032 2836 2149 2888 647.
2222 2838 2491 2903 Harpocr.
2530 2852 2573 2887 s.
2610 2853 2663 2888 v.

375 2921 700 2986 Πομπείας.
771 2921 922 2972 Suid.
971 2937 1014 2971 s.
1052 2937 1104 2970 ν.
1150 2911 1244 2983 Ἐξ
1289 2915 1386 2985 ἅμ.
1437 2921 1662 2988 Gregor.
1714 2921 1837 2972 Cor.
1885 2922 1987 2972 Rh.
2036 2923 2101 2974 Τ.
2145 2921 2248 2972 VII
2294 2937 2345 2988 p.
2396 2920 2529 2971 1118
2573 2923 2661 2971 w.

374 3006 561 3058 Schol.
601 3008 834 3057 Lucian.
871 3007 986 3057 Iov.
1024 3007 1192 3073 Trag.
1231 3021 1279 3056 c.
1317 3007 1402 3055 44.
1475 3006 1626 3057 Sext.
1662 3007 1868 3072 Empir.
1909 3007 2031 3058 adv.
2072 3006 2248 3056 Math.
2282 3007 2335 3069 1,
2376 3005 2408 3056 3
2453 3023 2505 3072 p.
2544 3005 2663 3056 229.

377 3091 464 3155 10)
509 3081 551 3142 ἆ
587 3105 674 3142 σοι
710 3091 925 3142 Aldetc.
999 3089 1252 3142 Correxit
1295 3090 1603 3141 Bekkerus.
1715 3091 1798 3153 11)
1847 3090 1923 3155 σῷ
1971 3107 2058 3140 om
2092 3090 2267 3156 Aug-1.
2376 3090 2459 3155 12)
2508 3082 2661 3156 ἔμοίς
2718 3097 2732 3105 ”

375 3179 462 3226 sie
499 3177 630 3227 olim
665 3176 1174 3243 inter-pungebatur.
1223 3175 1671 3226 Wunderlichius
1704 3175 2195 3242 interrogationem
2232 3179 2384 3226 recte
2422 3174 2663 3225 sustulit.

375 3266 505 3328 post
537 3255 1026 3327 γιγνωσκομένους
1060 3259 1348 3310 Bekkerus
1384 3257 1548 3324 plene
1584 3259 1921 3324 interpunxit
1972 3275 2070 3327 pro
2105 3259 2335 3326 vulgato
2374 3263 2665 3310 commate.

515 3347 658 3402 123.
707 3346 758 3410 1)
793 3344 1002 3397 Καίτοι
1037 3340 1136 3394 καὶ
1159 3344 1368 3395 LaurS.
1391 3343 1542 3410 vulg.
1582 3371 1645 3380 --
1682 3339 1901 3418 &eL-9¹1²
1940 3359 2002 3408 pr
2027 3343 2083 3392 Σ
2116 3345 2171 3392 in
2206 3343 2314 3394 fine
2354 3342 2662 3405 columnae,

372 3430 592 3481 addidit
636 3445 756 3481 corr
793 3432 969 3496 antiq.
1037 3429 1146 3480 Sed
1196 3445 1284 3479 om
1337 3429 1502 3479 etiam
1550 3428 1721 3495 Augl.
1769 3430 1819 3478 4.
1866 3418 2061 3478 vindi.
2110 3427 2265 3478 Pale.
2316 3443 2379 3494 pr
2422 3424 2502 3480 Ω.
2574 3426 2663 3481 Cf.

371 3515 497 3566 Phil
533 3516 562 3565 1
598 3517 647 3578 S.
688 3515 769 3566 12.
841 3516 914 3566 H.
949 3514 989 3565 l.
1039 3518 1192 3564 recte
1241 3512 1403 3564 abest
1449 3509 1576 3577 καὶ,
1629 3514 1759 3578 quia
1806 3513 2039 3564 nondum
2089 3517 2469 3578 argumentum
2502 3526 2662 3577 prae·

373 3601 567 3650 cessit.
673 3598 726 3662 2)
775 3593 956 3664 τούτῳ
1001 3614 1066 3665 pr
1109 3597 1188 3652 Ω.
1240 3597 1291 3666 β.
1330 3612 1382 3662 γ.
1430 3597 1562 3648 Pall
1620 3597 1877 3647 omittens
1934 3597 2209 3662 posterius
2264 3589 2469 3662 τούτῳ,
2528 3597 2661 3648 item

373 3685 545 3735 docta
587 3697 784 3734 manus
829 3685 1072 3750 Herwag
1107 3697 1284 3734 meae.
1359 3683 1494 3732 ‘Pro
1529 3679 1701 3732 τοῦτο
1738 3681 1865 3748 lego
1901 3676 2083 3744 τούτῳ
2120 3686 2176 3732 et
2213 3681 2445 3756 alterum
2482 3677 2663 3750 τούτῳ

371 3769 606 3820 reiicio.’
652 3767 971 3820 wolfius.
1044 3770 1284 3820 ‘Forsan
1321 3765 1510 3816 καίτοι
1546 3761 1645 3816 καὶ
1680 3759 1888 3830 τούτῳ,
1927 3766 2110 3817 deleto
2146 3773 2412 3833 sequente
2446 3761 2663 3833 ‘totitem’

371 3853 695 3918 Toupius.
769 3851 897 3901 ‘Aut
943 3854 1069 3916 post
1113 3847 1280 3900 τοῦτο
1329 3855 1424 3899 aut
1469 3855 1595 3914 post
1635 3842 1925 3916 Ἀθηναῖοι
1962 3851 2120 3903 deest
2156 3855 2419 3903 σκοπεῖτε
2456 3856 2554 3902 aut
2588 3853 2659 3902 si-

371 3936 504 3986 mile
543 3935 708 4002 quid)
746 3935 1094 3986 Reiskius.
1149 3933 1581 3983 ‘Wunderlichii
1616 3935 1767 4000 prior
1802 3934 1989 3985 καίτοι
2025 3927 2223 4003 τούτῳ,
2263 3937 2445 3987 deleto
2481 3928 2661 4002 τούτῳ

367 4037 456 4072 vs.
497 4019 574 4070 16.
650 4022 715 4070 In
761 4019 943 4070 altera
987 4018 1279 4069 Dissenius
1325 4017 1542 4068 Reiskii
1591 4020 1915 4085 scripturam
1964 4022 2231 4084 restituit,
2282 4035 2443 4086 quam
2492 4022 2661 4070 etiam

365 4105 658 4156 Bekkeria
691 4108 865 4154 tenet.
935 4105 1126 4170 Neque
1165 4119 1268 4168 ego
1305 4103 1621 4154 mutandam
1666 4119 1881 4168 cense0‚
1924 4120 2252 4170 quamquam
2290 4103 2441 4154 aliud
2479 4119 2660 4153 exem-

365 4189 522 4256 plum
564 4189 907 4255 pronominis
951 4188 1120 4240 τοῦτο
1165 4190 1246 4239 sic
1293 4188 1545 4238 absolute
1600 4191 1768 4254 positi
1820 4205 1929 4240 non
1984 4189 2274 4239 succurrit.
2347 4203 2473 4238 nam
2521 4188 2661 4252 quod

365 4273 600 4325 Reiskio
647 4273 826 4322 visum
873 4278 982 4332 est,
1031 4274 1301 4324 excidisse
1355 4275 1617 4332 σκοπεῖτε
1689 4278 1784 4325 aut
1828 4275 2009 4324 simile
2068 4272 2223 4338 quid,
2272 4272 2407 4322 mihi
2444 4272 2657 4336 quidem

365 4374 476 4410 non
519 4358 808 4424 probatur.
881 4356 1180 4424 compares
1214 4357 1656 4423 vulgatissimam
1708 4357 1861 4408 illam
1918 4357 2205 4408 formulam
2258 4346 2417 4406 τοῦτ’
2455 4348 2657 4422 ἐκεῖνο,
