<?xml version="1.0" encoding="UTF-8"?>
<!DOCTYPE html PUBLIC "-//W3C//DTD XHTML 1.0 Transitional//EN"
    "http://www.w3.org/TR/xhtml1/DTD/xhtml1-transitional.dtd">
<html xmlns="http://www.w3.org/1999/xhtml" xml:lang="en" lang="en">
 <head>
  <title>
</title>
<meta http-equiv="Content-Type" content="text/html;charset=utf-8" />
  <meta name='ocr-system' content='tesseract 3.04.00' />
  <meta name='ocr-capabilities' content='ocr_page ocr_carea ocr_par ocr_line ocrx_word'/>
</head>
<body>
  <div class='ocr_page' id='page_1' title='image "./decoronaetdefal00voemgoog/decoronaetdefal00voemgoog_0667.png"; bbox 0 0 3084 4938; ppageno 0'>
   <div class='ocr_carea' id='block_1_1' title="bbox 621 369 2438 430">
    <p class='ocr_par' dir='ltr' id='par_1_1' title="bbox 621 369 2438 430">
     <span class='ocr_line' id='line_1_1' title="bbox 621 369 2438 430; baseline 0.006 -10"><span class='ocrx_word' id='word_1_1' title='bbox 621 379 1065 421; x_wconf 67' lang='lat' dir='ltr'><strong>nmmos-rnnms</strong></span> <span class='ocrx_word' id='word_1_2' title='bbox 1097 381 1193 420; x_wconf 74' lang='lat' dir='ltr'><strong>on.</strong></span> <span class='ocrx_word' id='word_1_3' title='bbox 1228 383 1309 421; x_wconf 76' lang='lat' dir='ltr'><strong>m:</strong></span> <span class='ocrx_word' id='word_1_4' title='bbox 1340 381 1539 424; x_wconf 74' lang='lat' dir='ltr'>FALSA</span> <span class='ocrx_word' id='word_1_5' title='bbox 1567 381 1943 424; x_wconf 61' lang='lat' dir='ltr'><strong>montone.</strong></span> <span class='ocrx_word' id='word_1_6' title='bbox 2315 369 2438 430; x_wconf 85' lang='lat'><strong>629</strong></span> 
     </span>
    </p>
   </div>
   <div class='ocr_carea' id='block_1_2' title="bbox 361 525 2571 627">
    <p class='ocr_par' dir='ltr' id='par_1_2' title="bbox 361 525 2571 627">
     <span class='ocr_line' id='line_1_2' title="bbox 361 525 2571 627; baseline 0.001 -24"><span class='ocrx_word' id='word_1_7' title='bbox 361 536 603 624; x_wconf 85' lang='grc' dir='ltr'><em>τραχεά</em></span> <span class='ocrx_word' id='word_1_8' title='bbox 617 525 669 566; x_wconf 84' lang='lat'><strong>⁷⁰</strong></span> <span class='ocrx_word' id='word_1_9' title='bbox 702 526 1047 622; x_wconf 73' lang='grc' dir='ltr'><strong>λειαίνει,71</strong></span> <span class='ocrx_word' id='word_1_10' title='bbox 1090 532 1290 604; x_wconf 82' lang='grc' dir='ltr'><em>παύει</em></span> <span class='ocrx_word' id='word_1_11' title='bbox 1326 531 1550 624; x_wconf 82' lang='grc' dir='ltr'><em>κόρον,</em></span> <span class='ocrx_word' id='word_1_12' title='bbox 1586 531 1790 626; x_wconf 76' lang='grc' dir='ltr'><em>ὕβριν</em></span> <span class='ocrx_word' id='word_1_13' title='bbox 1822 530 2132 627; x_wconf 74' lang='grc' dir='ltr'><em>ἀμαυροῖ,</em></span> <span class='ocrx_word' id='word_1_14' title='bbox 2470 557 2571 606; x_wconf 80' lang='grc'><strong>423</strong></span> 
     </span>
    </p>
   </div>
   <div class='ocr_carea' id='block_1_3' title="bbox 280 629 1708 726">
    <p class='ocr_par' dir='ltr' id='par_1_3' title="bbox 280 629 1708 726">
     <span class='ocr_line' id='line_1_3' title="bbox 280 629 1708 726; baseline 0.001 -22"><span class='ocrx_word' id='word_1_15' title='bbox 280 663 337 704; x_wconf 78' lang='lat'><strong>35</strong></span> <span class='ocrx_word' id='word_1_16' title='bbox 466 631 729 706; x_wconf 78' lang='grc' dir='ltr'><em>αὕαίνει</em></span> <span class='ocrx_word' id='word_1_17' title='bbox 768 631 831 704; x_wconf 78' lang='grc' dir='ltr'><strong>δ’</strong></span> <span class='ocrx_word' id='word_1_18' title='bbox 869 631 1028 723; x_wconf 69' lang='grc' dir='ltr'><em>ἄτης</em></span> <span class='ocrx_word' id='word_1_19' title='bbox 1042 629 1091 669; x_wconf 79' lang='lat'><strong>⁷²</strong></span> <span class='ocrx_word' id='word_1_20' title='bbox 1124 633 1344 706; x_wconf 73' lang='grc' dir='ltr'><em>ἄνθεα</em></span> <span class='ocrx_word' id='word_1_21' title='bbox 1378 635 1708 726; x_wconf 82' lang='grc' dir='ltr'><strong><em>φυόμενα,</em></strong></span> 
     </span>
    </p>
   </div>
   <div class='ocr_carea' id='block_1_4' title="bbox 362 731 2569 1134">
    <p class='ocr_par' dir='ltr' id='par_1_4' title="bbox 368 731 2109 930">
     <span class='ocr_line' id='line_1_4' title="bbox 368 731 2109 830; baseline 0.001 -24"><span class='ocrx_word' id='word_1_22' title='bbox 368 733 650 808; x_wconf 75' lang='grc' dir='ltr'><em>εὐθύνει</em></span> <span class='ocrx_word' id='word_1_23' title='bbox 688 731 827 806; x_wconf 58' lang='grc' dir='ltr'><strong>δὲπ*</strong></span> <span class='ocrx_word' id='word_1_24' title='bbox 864 743 1051 818; x_wconf 80' lang='grc' dir='ltr'><em>δίκας</em></span> <span class='ocrx_word' id='word_1_25' title='bbox 1085 737 1374 827; x_wconf 79' lang='grc' dir='ltr'><em>σκολιάς,</em></span> <span class='ocrx_word' id='word_1_26' title='bbox 1410 733 1814 828; x_wconf 75' lang='grc' dir='ltr'><em>ὑπερήφανά</em></span> <span class='ocrx_word' id='word_1_27' title='bbox 1847 734 1908 808; x_wconf 87' lang='grc' dir='ltr'><strong>τ’</strong></span> <span class='ocrx_word' id='word_1_28' title='bbox 1948 745 2109 830; x_wconf 80' lang='grc' dir='ltr'><em>ἔργα</em></span> 
     </span>
     <span class='ocr_line' id='line_1_5' title="bbox 464 835 1814 930; baseline 0.001 -22"><span class='ocrx_word' id='word_1_29' title='bbox 464 837 784 930; x_wconf 78' lang='grc' dir='ltr'><em>πραΰνει,</em></span> <span class='ocrx_word' id='word_1_30' title='bbox 819 837 1023 910; x_wconf 81' lang='grc' dir='ltr'><em>παύει</em></span> <span class='ocrx_word' id='word_1_31' title='bbox 1062 835 1126 908; x_wconf 78' lang='grc' dir='ltr'><strong>δ’</strong></span> <span class='ocrx_word' id='word_1_32' title='bbox 1168 847 1327 929; x_wconf 80' lang='grc' dir='ltr'><em>ἔργα</em></span> <span class='ocrx_word' id='word_1_33' title='bbox 1365 845 1814 930; x_wconf 77' lang='grc' dir='ltr'><em>διχοστασίης,</em></span> 
     </span>
    </p>

    <p class='ocr_par' dir='ltr' id='par_1_5' title="bbox 362 935 2569 1134">
     <span class='ocr_line' id='line_1_6' title="bbox 362 935 2569 1032; baseline 0.004 -22"><span class='ocrx_word' id='word_1_34' title='bbox 362 939 565 1011; x_wconf 83' lang='grc' dir='ltr'><em>παύει</em></span> <span class='ocrx_word' id='word_1_35' title='bbox 604 937 668 1010; x_wconf 80' lang='grc' dir='ltr'><strong>δ’</strong></span> <span class='ocrx_word' id='word_1_36' title='bbox 706 935 1031 1032; x_wconf 76' lang='grc' dir='ltr'><em>ἀργαλέης</em></span> <span class='ocrx_word' id='word_1_37' title='bbox 1044 935 1092 974; x_wconf 76' lang='lat'><strong>⁷⁴</strong></span> <span class='ocrx_word' id='word_1_38' title='bbox 1130 948 1347 1031; x_wconf 80' lang='grc' dir='ltr'><em>ἔριδος</em></span> <span class='ocrx_word' id='word_1_39' title='bbox 1381 939 1614 1032; x_wconf 78' lang='grc' dir='ltr'><em>χόλον,</em></span> <span class='ocrx_word' id='word_1_40' title='bbox 1652 949 1789 1012; x_wconf 84' lang='grc' dir='ltr'><em>ἔστι</em></span> <span class='ocrx_word' id='word_1_41' title='bbox 1828 937 1892 1010; x_wconf 78' lang='grc' dir='ltr'><strong>δ’</strong></span> <span class='ocrx_word' id='word_1_42' title='bbox 1929 937 2051 1012; x_wconf 79' lang='grc' dir='ltr'><strong>ὑπ’</strong></span> <span class='ocrx_word' id='word_1_43' title='bbox 2090 939 2294 1032; x_wconf 76' lang='grc' dir='ltr'><em>αὐτῆς</em></span> <span class='ocrx_word' id='word_1_44' title='bbox 2467 981 2492 1018; x_wconf 75' lang='lat'>⁵</span> <span class='ocrx_word' id='word_1_45' title='bbox 2563 945 2569 952; x_wconf 43' lang='lat'>⁸</span> 
     </span>
     <span class='ocr_line' id='line_1_7' title="bbox 465 1037 2098 1134; baseline 0.001 -22"><span class='ocrx_word' id='word_1_46' title='bbox 465 1040 681 1113; x_wconf 77' lang='grc' dir='ltr'><em>πάντα</em></span> <span class='ocrx_word' id='word_1_47' title='bbox 695 1037 744 1077; x_wconf 77' lang='lat'><strong>⁷⁵</strong></span> <span class='ocrx_word' id='word_1_48' title='bbox 780 1039 928 1113; x_wconf 86' lang='grc' dir='ltr'><em>κατ’</em></span> <span class='ocrx_word' id='word_1_49' title='bbox 966 1038 1370 1134; x_wconf 70' lang='grc' dir='ltr'><em>ἀνθρώπους</em></span> <span class='ocrx_word' id='word_1_50' title='bbox 1404 1040 1600 1133; x_wconf 77' lang='grc' dir='ltr'><em>ἄρτια</em></span> <span class='ocrx_word' id='word_1_51' title='bbox 1633 1045 1744 1115; x_wconf 84' lang='grc' dir='ltr'><em>καὶ</em></span> <span class='ocrx_word' id='word_1_52' title='bbox 1780 1038 2098 1114; x_wconf 72' lang='grc' dir='ltr'><strong>πινυτοὶ.”6</strong></span> 
     </span>
    </p>
   </div>
   <div class='ocr_carea' id='block_1_5' title="bbox 1026 1159 1059 1184">
    <p class='ocr_par' dir='ltr' id='par_1_6' title="bbox 1026 1159 1059 1184">
     <span class='ocr_line' id='line_1_8' title="bbox 1026 1159 1059 1184; baseline 0 -2"><span class='ocrx_word' id='word_1_53' title='bbox 1026 1159 1059 1184; x_wconf 60' lang='grc' dir='ltr'><strong>,Ι</strong></span> 
     </span>
    </p>
   </div>
   <div class='ocr_carea' id='block_1_6' title="bbox 141 1151 2516 1498">
    <p class='ocr_par' dir='ltr' id='par_1_7' title="bbox 141 1151 2516 1456">
     <span class='ocr_line' id='line_1_9' title="bbox 311 1151 2434 1254; baseline 0.002 -24"><span class='ocrx_word' id='word_1_54' title='bbox 311 1170 455 1232; x_wconf 83' lang='lat'><strong>256.</strong></span> <span class='ocrx_word' id='word_1_55' title='bbox 507 1155 869 1250; x_wconf 62' lang='grc' dir='ltr'><strong>Ἀ’ῐιιούετε,ι</strong></span> <span class='ocrx_word' id='word_1_56' title='bbox 922 1151 977 1231; x_wconf 72' lang='grc' dir='ltr'><em>ὦ</em></span> <span class='ocrx_word' id='word_1_57' title='bbox 1017 1168 1260 1251; x_wconf 78' lang='grc' dir='ltr'><em>ανδρες</em></span> <span class='ocrx_word' id='word_1_58' title='bbox 1298 1158 1680 1252; x_wconf 71' lang='grc' dir='ltr'><em>Ἀθηναῖοι,</em></span> <span class='ocrx_word' id='word_1_59' title='bbox 1728 1164 1881 1254; x_wconf 79' lang='grc' dir='ltr'><em>περὶ</em></span> <span class='ocrx_word' id='word_1_60' title='bbox 1929 1165 2064 1232; x_wconf 75' lang='grc' dir='ltr'><em>ταῖν</em></span> <span class='ocrx_word' id='word_1_61' title='bbox 2110 1161 2434 1235; x_wconf 79' lang='grc' dir='ltr'><em>τοιούτων</em></span> 
     </span>
     <span class='ocr_line' id='line_1_10' title="bbox 141 1256 2432 1357; baseline 0 -21"><span class='ocrx_word' id='word_1_62' title='bbox 141 1262 545 1357; x_wconf 71' lang='grc' dir='ltr'><em>ἀνθρώπων</em></span> <span class='ocrx_word' id='word_1_63' title='bbox 578 1259 686 1333; x_wconf 81' lang='grc' dir='ltr'><em>οἶα</em></span> <span class='ocrx_word' id='word_1_64' title='bbox 720 1256 999 1334; x_wconf 58' lang='lat' dir='ltr'><strong>Edit-021²</strong></span> <span class='ocrx_word' id='word_1_65' title='bbox 1044 1266 1255 1352; x_wconf 80' lang='grc' dir='ltr'><em>λέγει,</em></span> <span class='ocrx_word' id='word_1_66' title='bbox 1304 1266 1419 1334; x_wconf 80' lang='grc' dir='ltr'><em>καὶ</em></span> <span class='ocrx_word' id='word_1_67' title='bbox 1452 1266 1606 1353; x_wconf 79' lang='grc' dir='ltr'><em>περὶ</em></span> <span class='ocrx_word' id='word_1_68' title='bbox 1641 1267 1778 1334; x_wconf 74' lang='grc' dir='ltr'><em>ταῖν</em></span> <span class='ocrx_word' id='word_1_69' title='bbox 1811 1267 2029 1353; x_wconf 71' lang='grc' dir='ltr'><em>θεῶν,</em></span> <span class='ocrx_word' id='word_1_70' title='bbox 2078 1259 2232 1346; x_wconf 72' lang='grc' dir='ltr'><strong>οὕς3</strong></span> <span class='ocrx_word' id='word_1_71' title='bbox 2266 1290 2432 1354; x_wconf 84' lang='grc' dir='ltr'><em>φησι</em></span> 
     </span>
     <span class='ocr_line' id='line_1_11' title="bbox 142 1359 2516 1456; baseline 0.001 -20"><span class='ocrx_word' id='word_1_72' title='bbox 142 1363 279 1456; x_wconf 81' lang='grc' dir='ltr'><strong>τὴν</strong></span> <span class='ocrx_word' id='word_1_73' title='bbox 314 1364 512 1438; x_wconf 81' lang='grc' dir='ltr'><em>πόλιν</em></span> <span class='ocrx_word' id='word_1_74' title='bbox 546 1359 827 1450; x_wconf 65' lang='grc' dir='ltr'><strong>σώζειν.4</strong></span> <span class='ocrx_word' id='word_1_75' title='bbox 912 1361 1037 1454; x_wconf 74' lang='grc' dir='ltr'><strong>ἐγώ</strong></span> <span class='ocrx_word' id='word_1_76' title='bbox 1089 1362 1154 1435; x_wconf 81' lang='grc' dir='ltr'><strong>δ’</strong></span> <span class='ocrx_word' id='word_1_77' title='bbox 1192 1361 1297 1435; x_wconf 78' lang='grc' dir='ltr'><em>ἀεὶ</em></span> <span class='ocrx_word' id='word_1_78' title='bbox 1332 1361 1497 1456; x_wconf 71' lang='grc' dir='ltr'><strong>μὲν5</strong></span> <span class='ocrx_word' id='word_1_79' title='bbox 1528 1362 1757 1455; x_wconf 76' lang='grc' dir='ltr'><em>ἀληθῆ</em></span> <span class='ocrx_word' id='word_1_80' title='bbox 1802 1363 1918 1437; x_wconf 80' lang='grc' dir='ltr'><strong>τὸν</strong></span> <span class='ocrx_word' id='word_1_81' title='bbox 1963 1364 2162 1455; x_wconf 78' lang='grc' dir='ltr'><em>λόγον</em></span> <span class='ocrx_word' id='word_1_82' title='bbox 2195 1370 2432 1438; x_wconf 81' lang='grc' dir='ltr'><em>τοῦτον</em></span> <span class='ocrx_word' id='word_1_83' title='bbox 2467 1392 2516 1431; x_wconf 83' lang='grc'><strong>10</strong></span> 
     </span>
    </p>

    <p class='ocr_par' dir='ltr' id='par_1_8' title="bbox 714 1473 737 1498">
     <span class='ocr_line' id='line_1_12' title="bbox 714 1473 737 1498; baseline 0 0"><span class='ocrx_word' id='word_1_84' title='bbox 714 1473 737 1498; x_wconf 48' lang='grc' dir='ltr'>ᾗ</span> 
     </span>
    </p>
   </div>
   <div class='ocr_carea' id='block_1_7' title="bbox 147 1569 2431 2238">
    <p class='ocr_par' dir='ltr' id='par_1_9' title="bbox 147 1569 2431 2238">
     <span class='ocr_line' id='line_1_13' title="bbox 460 1569 1789 1645; baseline -0.002 -18"><span class='ocrx_word' id='word_1_85' title='bbox 460 1585 649 1644; x_wconf 83' lang='lat' dir='ltr'><strong>aspera</strong></span> <span class='ocrx_word' id='word_1_86' title='bbox 679 1569 1042 1645; x_wconf 80' lang='lat' dir='ltr'><strong>complanant,</strong></span> <span class='ocrx_word' id='word_1_87' title='bbox 1076 1570 1264 1626; x_wconf 88' lang='lat' dir='ltr'><strong>sedant</strong></span> <span class='ocrx_word' id='word_1_88' title='bbox 1294 1569 1537 1631; x_wconf 81' lang='lat' dir='ltr'><strong>fastidia,</strong></span> <span class='ocrx_word' id='word_1_89' title='bbox 1571 1569 1789 1625; x_wconf 79' lang='lat' dir='ltr'><strong>frenant</strong></span> 
     </span>
     <span class='ocr_line' id='line_1_14' title="bbox 382 1654 1825 1728; baseline 0.001 -22"><span class='ocrx_word' id='word_1_90' title='bbox 382 1665 433 1706; x_wconf 75' lang='lat'><strong>35</strong></span> <span class='ocrx_word' id='word_1_91' title='bbox 560 1654 883 1718; x_wconf 88' lang='lat' dir='ltr'><strong>indomitos,</strong></span> <span class='ocrx_word' id='word_1_92' title='bbox 916 1654 1143 1726; x_wconf 82' lang='lat' dir='ltr'><strong>abigunt</strong></span> <span class='ocrx_word' id='word_1_93' title='bbox 1172 1657 1373 1711; x_wconf 89' lang='lat' dir='ltr'><strong>semina</strong></span> <span class='ocrx_word' id='word_1_94' title='bbox 1407 1670 1655 1728; x_wconf 88' lang='lat' dir='ltr'><strong>quaeque</strong></span> <span class='ocrx_word' id='word_1_95' title='bbox 1682 1655 1825 1711; x_wconf 86' lang='lat' dir='ltr'><strong>mali.</strong></span> 
     </span>
     <span class='ocr_line' id='line_1_15' title="bbox 459 1739 1813 1814; baseline -0.001 -18"><span class='ocrx_word' id='word_1_96' title='bbox 459 1743 577 1796; x_wconf 83' lang='lat' dir='ltr'><strong>iura</strong></span> <span class='ocrx_word' id='word_1_97' title='bbox 607 1747 825 1814; x_wconf 84' lang='lat' dir='ltr'><strong>regunt,</strong></span> <span class='ocrx_word' id='word_1_98' title='bbox 856 1740 1291 1796; x_wconf 82' lang='lat' dir='ltr'><strong>mansuefaciunt</strong></span> <span class='ocrx_word' id='word_1_99' title='bbox 1322 1741 1592 1812; x_wconf 78' lang='lat' dir='ltr'><strong>turgentia</strong></span> <span class='ocrx_word' id='word_1_100' title='bbox 1624 1739 1813 1801; x_wconf 86' lang='lat' dir='ltr'><strong>eorda,</strong></span> 
     </span>
     <span class='ocr_line' id='line_1_16' title="bbox 562 1825 1694 1900; baseline -0.001 -19"><span class='ocrx_word' id='word_1_101' title='bbox 562 1832 917 1900; x_wconf 84' lang='lat' dir='ltr'><strong>compescunt</strong></span> <span class='ocrx_word' id='word_1_102' title='bbox 949 1825 1177 1881; x_wconf 85' lang='lat' dir='ltr'><strong>miserae</strong></span> <span class='ocrx_word' id='word_1_103' title='bbox 1208 1825 1493 1880; x_wconf 84' lang='lat' dir='ltr'><strong>seditionis</strong></span> <span class='ocrx_word' id='word_1_104' title='bbox 1523 1841 1694 1899; x_wconf 91' lang='lat' dir='ltr'><strong>opus,</strong></span> 
     </span>
     <span class='ocr_line' id='line_1_17' title="bbox 460 1909 1878 1985; baseline -0.002 -19"><span class='ocrx_word' id='word_1_105' title='bbox 460 1910 573 1966; x_wconf 82' lang='lat' dir='ltr'><strong>litis</strong></span> <span class='ocrx_word' id='word_1_106' title='bbox 606 1909 764 1966; x_wconf 82' lang='lat' dir='ltr'><strong>bilem</strong></span> <span class='ocrx_word' id='word_1_107' title='bbox 796 1917 968 1966; x_wconf 84' lang='lat' dir='ltr'><strong>atram</strong></span> <span class='ocrx_word' id='word_1_108' title='bbox 997 1912 1330 1985; x_wconf 87' lang='lat' dir='ltr'><strong>reprimunt,</strong></span> <span class='ocrx_word' id='word_1_109' title='bbox 1364 1928 1426 1966; x_wconf 86' lang='lat' dir='ltr'><strong>ac</strong></span> <span class='ocrx_word' id='word_1_110' title='bbox 1454 1909 1688 1983; x_wconf 88' lang='lat' dir='ltr'><strong>denique</strong></span> <span class='ocrx_word' id='word_1_111' title='bbox 1719 1910 1878 1964; x_wconf 83' lang='lat' dir='ltr'><strong>vitam</strong></span> 
     </span>
     <span class='ocr_line' id='line_1_18' title="bbox 560 1994 1696 2068; baseline -0.003 -17"><span class='ocrx_word' id='word_1_112' title='bbox 560 1996 847 2051; x_wconf 86' lang='lat' dir='ltr'><strong>humanam</strong></span> <span class='ocrx_word' id='word_1_113' title='bbox 878 1994 1163 2056; x_wconf 88' lang='lat' dir='ltr'><strong>erudiunt.</strong></span> <span class='ocrx_word' id='word_1_114' title='bbox 1196 2002 1258 2050; x_wconf 89' lang='lat' dir='ltr'><strong>ut</strong></span> <span class='ocrx_word' id='word_1_115' title='bbox 1289 1995 1563 2068; x_wconf 83' lang='lat' dir='ltr'><strong>sapienter</strong></span> <span class='ocrx_word' id='word_1_116' title='bbox 1593 2001 1696 2050; x_wconf 85' lang='lat' dir='ltr'><strong>eat.</strong></span> 
     </span>
     <span class='ocr_line' id='line_1_19' title="bbox 326 2076 2431 2153; baseline 0 -20"><span class='ocrx_word' id='word_1_117' title='bbox 326 2082 445 2134; x_wconf 81' lang='lat'><strong>256.</strong></span> <span class='ocrx_word' id='word_1_118' title='bbox 491 2079 734 2140; x_wconf 82' lang='lat' dir='ltr'><strong>Auditis,</strong></span> <span class='ocrx_word' id='word_1_119' title='bbox 764 2079 1147 2141; x_wconf 87' lang='lat' dir='ltr'><strong>Athenienses,</strong></span> <span class='ocrx_word' id='word_1_120' title='bbox 1190 2080 1255 2135; x_wconf 90' lang='lat' dir='ltr'><strong>de</strong></span> <span class='ocrx_word' id='word_1_121' title='bbox 1298 2081 1403 2135; x_wconf 88' lang='lat' dir='ltr'><strong>isto</strong></span> <span class='ocrx_word' id='word_1_122' title='bbox 1448 2093 1646 2152; x_wconf 80' lang='lat' dir='ltr'><strong>genere</strong></span> <span class='ocrx_word' id='word_1_123' title='bbox 1686 2079 1962 2135; x_wconf 86' lang='lat' dir='ltr'><strong>hominum</strong></span> <span class='ocrx_word' id='word_1_124' title='bbox 1995 2076 2161 2134; x_wconf 90' lang='lat' dir='ltr'><strong>Solon</strong></span> <span class='ocrx_word' id='word_1_125' title='bbox 2193 2077 2320 2153; x_wconf 88' lang='lat' dir='ltr'><strong>quid</strong></span> <span class='ocrx_word' id='word_1_126' title='bbox 2353 2077 2431 2134; x_wconf 87' lang='lat' dir='ltr'><strong>di-</strong></span> 
     </span>
     <span class='ocr_line' id='line_1_20' title="bbox 147 2163 2431 2238; baseline -0.003 -14"><span class='ocrx_word' id='word_1_127' title='bbox 147 2175 260 2230; x_wconf 86' lang='lat' dir='ltr'><strong>cat,</strong></span> <span class='ocrx_word' id='word_1_128' title='bbox 293 2174 349 2221; x_wconf 88' lang='lat' dir='ltr'><strong>et</strong></span> <span class='ocrx_word' id='word_1_129' title='bbox 377 2165 442 2222; x_wconf 91' lang='lat' dir='ltr'><strong>de</strong></span> <span class='ocrx_word' id='word_1_130' title='bbox 473 2165 603 2226; x_wconf 89' lang='lat' dir='ltr'><strong>diis,</strong></span> <span class='ocrx_word' id='word_1_131' title='bbox 636 2183 662 2221; x_wconf 83' lang='lat' dir='ltr'><strong>a</strong></span> <span class='ocrx_word' id='word_1_132' title='bbox 695 2164 895 2238; x_wconf 84' lang='lat' dir='ltr'><strong>quibus</strong></span> <span class='ocrx_word' id='word_1_133' title='bbox 924 2163 1115 2220; x_wconf 88' lang='lat' dir='ltr'><strong>urbem</strong></span> <span class='ocrx_word' id='word_1_134' title='bbox 1145 2167 1453 2222; x_wconf 84' lang='lat' dir='ltr'><strong>conservari</strong></span> <span class='ocrx_word' id='word_1_135' title='bbox 1485 2164 1704 2221; x_wconf 84' lang='lat' dir='ltr'><strong>asserit.</strong></span> <span class='ocrx_word' id='word_1_136' title='bbox 1761 2163 1874 2236; x_wconf 83' lang='lat' dir='ltr'><strong>Ego</strong></span> <span class='ocrx_word' id='word_1_137' title='bbox 1909 2179 2032 2220; x_wconf 85' lang='lat' dir='ltr'><strong>vero</strong></span> <span class='ocrx_word' id='word_1_138' title='bbox 2066 2178 2284 2237; x_wconf 80' lang='lat' dir='ltr'><strong>semper</strong></span> <span class='ocrx_word' id='word_1_139' title='bbox 2313 2165 2431 2236; x_wconf 93' lang='lat' dir='ltr'><strong>qui-</strong></span> 
     </span>
    </p>
   </div>
   <div class='ocr_carea' id='block_1_8' title="bbox 148 2297 558 2310">
    <p class='ocr_par' dir='ltr' id='par_1_10' title="bbox 148 2297 558 2310">
     <span class='ocr_line' id='line_1_21' title="bbox 148 2297 558 2310; baseline 0 2628"><span class='ocrx_word' id='word_1_140' title='bbox 148 2297 558 2310; x_wconf 95' lang='lat' dir='ltr'><strong> </strong></span> 
     </span>
    </p>
   </div>
   <div class='ocr_carea' id='block_1_9' title="bbox 292 2373 2428 2447">
    <p class='ocr_par' dir='ltr' id='par_1_11' title="bbox 292 2373 2428 2447">
     <span class='ocr_line' id='line_1_22' title="bbox 292 2373 2428 2447; baseline -0 -15"><span class='ocrx_word' id='word_1_141' title='bbox 292 2381 379 2447; x_wconf 86' lang='lat'><strong>70)</strong></span> <span class='ocrx_word' id='word_1_142' title='bbox 428 2375 639 2447; x_wconf 74' lang='grc' dir='ltr'><em>τρηχέα</em></span> <span class='ocrx_word' id='word_1_143' title='bbox 684 2380 809 2431; x_wconf 87' lang='lat' dir='ltr'><strong>Chr.</strong></span> <span class='ocrx_word' id='word_1_144' title='bbox 856 2379 1109 2445; x_wconf 79' lang='lat' dir='ltr'><strong>Sylburg.</strong></span> <span class='ocrx_word' id='word_1_145' title='bbox 1258 2377 1354 2442; x_wconf 86' lang='lat'><strong>71)</strong></span> <span class='ocrx_word' id='word_1_146' title='bbox 1404 2373 1608 2430; x_wconf 79' lang='grc' dir='ltr'><em>λειὲνει</em></span> <span class='ocrx_word' id='word_1_147' title='bbox 1642 2375 1720 2431; x_wconf 86' lang='grc' dir='ltr'><strong>Ω.</strong></span> <span class='ocrx_word' id='word_1_148' title='bbox 1772 2405 1834 2414; x_wconf 94' lang='grc'>-</span> <span class='ocrx_word' id='word_1_149' title='bbox 1881 2375 2091 2428; x_wconf 76' lang='grc' dir='ltr'><em>λιαίνει</em></span> <span class='ocrx_word' id='word_1_150' title='bbox 2139 2377 2314 2431; x_wconf 80' lang='lat' dir='ltr'><strong>ParP.</strong></span> <span class='ocrx_word' id='word_1_151' title='bbox 2365 2406 2428 2414; x_wconf 97' lang='lat'><strong>—</strong></span> 
     </span>
    </p>
   </div>
   <div class='ocr_carea' id='block_1_10' title="bbox 152 2452 2430 2697">
    <p class='ocr_par' dir='ltr' id='par_1_12' title="bbox 152 2452 2430 2697">
     <span class='ocr_line' id='line_1_23' title="bbox 152 2452 2430 2527; baseline -0.004 -6"><span class='ocrx_word' id='word_1_152' title='bbox 152 2459 218 2521; x_wconf 81' lang='grc' dir='ltr'><strong>δ’</strong></span> <span class='ocrx_word' id='word_1_153' title='bbox 259 2463 433 2521; x_wconf 79' lang='grc' dir='ltr'><em>ἰαίνει</em></span> <span class='ocrx_word' id='word_1_154' title='bbox 471 2467 533 2519; x_wconf 86' lang='grc' dir='ltr'><strong>Φ.</strong></span> <span class='ocrx_word' id='word_1_155' title='bbox 571 2486 617 2521; x_wconf 88' lang='lat' dir='ltr'><strong>r.</strong></span> <span class='ocrx_word' id='word_1_156' title='bbox 654 2463 839 2515; x_wconf 85' lang='lat' dir='ltr'><strong>Laur8</strong></span> <span class='ocrx_word' id='word_1_157' title='bbox 876 2463 965 2527; x_wconf 91' lang='lat' dir='ltr'><strong>(in</strong></span> <span class='ocrx_word' id='word_1_158' title='bbox 997 2463 1113 2515; x_wconf 83' lang='lat' dir='ltr'><strong>Mal</strong></span> <span class='ocrx_word' id='word_1_159' title='bbox 1162 2480 1282 2514; x_wconf 86' lang='lat' dir='ltr'><strong>corr</strong></span> <span class='ocrx_word' id='word_1_160' title='bbox 1329 2463 1462 2526; x_wconf 86' lang='lat' dir='ltr'><strong>Chr,</strong></span> <span class='ocrx_word' id='word_1_161' title='bbox 1513 2466 1576 2513; x_wconf 89' lang='lat' dir='ltr'><strong>ut</strong></span> <span class='ocrx_word' id='word_1_162' title='bbox 1610 2461 1844 2514; x_wconf 78' lang='grc' dir='ltr'><em>λειαίνει</em></span> <span class='ocrx_word' id='word_1_163' title='bbox 1885 2479 2030 2513; x_wconf 84' lang='lat' dir='ltr'><strong>nune</strong></span> <span class='ocrx_word' id='word_1_164' title='bbox 2067 2461 2187 2527; x_wconf 88' lang='lat' dir='ltr'><strong>sit).</strong></span> <span class='ocrx_word' id='word_1_165' title='bbox 2236 2491 2298 2499; x_wconf 87' lang='lat'>-</span> <span class='ocrx_word' id='word_1_166' title='bbox 2346 2452 2430 2514; x_wconf 78' lang='grc' dir='ltr'><em>δι’</em></span> 
     </span>
     <span class='ocr_line' id='line_1_24' title="bbox 152 2539 2427 2615; baseline -0.004 -10"><span class='ocrx_word' id='word_1_167' title='bbox 152 2552 311 2605; x_wconf 81' lang='grc' dir='ltr'><em>αἴνει</em></span> <span class='ocrx_word' id='word_1_168' title='bbox 346 2552 420 2604; x_wconf 89' lang='grc' dir='ltr'><strong>Π.</strong></span> <span class='ocrx_word' id='word_1_169' title='bbox 558 2550 656 2615; x_wconf 81' lang='lat'><strong>72)</strong></span> <span class='ocrx_word' id='word_1_170' title='bbox 693 2540 872 2615; x_wconf 87' lang='grc' dir='ltr'><em>αὐτης</em></span> <span class='ocrx_word' id='word_1_171' title='bbox 908 2566 973 2615; x_wconf 87' lang='lat' dir='ltr'><strong>pr</strong></span> <span class='ocrx_word' id='word_1_172' title='bbox 1005 2546 1095 2613; x_wconf 82' lang='grc' dir='ltr'><strong>Ω,</strong></span> <span class='ocrx_word' id='word_1_173' title='bbox 1149 2548 1309 2598; x_wconf 87' lang='lat' dir='ltr'><strong>‘unde</strong></span> <span class='ocrx_word' id='word_1_174' title='bbox 1346 2539 1566 2615; x_wconf 82' lang='grc' dir='ltr'><em>αὐοῖτης</em></span> <span class='ocrx_word' id='word_1_175' title='bbox 1605 2548 1806 2613; x_wconf 78' lang='lat' dir='ltr'><strong>aliquis</strong></span> <span class='ocrx_word' id='word_1_176' title='bbox 1845 2548 2149 2598; x_wconf 59' lang='lat' dir='ltr'><strong>conficiat)</strong></span> <span class='ocrx_word' id='word_1_177' title='bbox 2219 2548 2346 2597; x_wconf 90' lang='lat' dir='ltr'><strong>Ber</strong></span> <span class='ocrx_word' id='word_1_178' title='bbox 2359 2564 2427 2613; x_wconf 89' lang='lat' dir='ltr'><strong>g-</strong></span> 
     </span>
     <span class='ocr_line' id='line_1_25' title="bbox 153 2625 2427 2697; baseline -0.004 -7"><span class='ocrx_word' id='word_1_179' title='bbox 153 2640 331 2690; x_wconf 84' lang='lat' dir='ltr'><strong>kius.</strong></span> <span class='ocrx_word' id='word_1_180' title='bbox 402 2638 599 2689; x_wconf 79' lang='lat' dir='ltr'><strong>Scriba</strong></span> <span class='ocrx_word' id='word_1_181' title='bbox 644 2637 823 2686; x_wconf 78' lang='lat' dir='ltr'><strong>rarius</strong></span> <span class='ocrx_word' id='word_1_182' title='bbox 868 2634 1196 2685; x_wconf 79' lang='lat' dir='ltr'><strong>vocabulum</strong></span> <span class='ocrx_word' id='word_1_183' title='bbox 1237 2634 1485 2683; x_wconf 83' lang='lat' dir='ltr'><strong>confudit</strong></span> <span class='ocrx_word' id='word_1_184' title='bbox 1522 2648 1642 2683; x_wconf 86' lang='lat' dir='ltr'><strong>eum</strong></span> <span class='ocrx_word' id='word_1_185' title='bbox 1681 2633 1986 2683; x_wconf 84' lang='lat' dir='ltr'><strong>notissimo.</strong></span> <span class='ocrx_word' id='word_1_186' title='bbox 2125 2630 2212 2695; x_wconf 84' lang='lat'><strong>73)</strong></span> <span class='ocrx_word' id='word_1_187' title='bbox 2252 2626 2315 2683; x_wconf 77' lang='grc' dir='ltr'><strong>δὲ</strong></span> <span class='ocrx_word' id='word_1_188' title='bbox 2355 2625 2427 2697; x_wconf 80' lang='grc' dir='ltr'><strong>δὴ</strong></span> 
     </span>
    </p>
   </div>
   <div class='ocr_carea' id='block_1_11' title="bbox 154 2710 2431 4485">
    <p class='ocr_par' dir='ltr' id='par_1_13' title="bbox 154 2710 2429 2951">
     <span class='ocr_line' id='line_1_26' title="bbox 156 2710 2427 2787; baseline -0.004 -10"><span class='ocrx_word' id='word_1_189' title='bbox 156 2724 357 2777; x_wconf 81' lang='lat' dir='ltr'><strong>vinds.</strong></span> <span class='ocrx_word' id='word_1_190' title='bbox 485 2720 571 2787; x_wconf 82' lang='lat'><strong>74)</strong></span> <span class='ocrx_word' id='word_1_191' title='bbox 610 2712 880 2786; x_wconf 75' lang='grc' dir='ltr'><em>ἔργαλέης</em></span> <span class='ocrx_word' id='word_1_192' title='bbox 916 2718 1112 2771; x_wconf 60' lang='lat' dir='ltr'><strong>vindat.</strong></span> <span class='ocrx_word' id='word_1_193' title='bbox 1150 2718 1321 2768; x_wconf 88' lang='lat' dir='ltr'><strong>AldT.</strong></span> <span class='ocrx_word' id='word_1_194' title='bbox 1450 2716 1537 2781; x_wconf 88' lang='lat'><strong>75)</strong></span> <span class='ocrx_word' id='word_1_195' title='bbox 1575 2710 1799 2775; x_wconf 76' lang='grc' dir='ltr'><em>πάντας</em></span> <span class='ocrx_word' id='word_1_196' title='bbox 1831 2714 1923 2780; x_wconf 86' lang='grc' dir='ltr'><strong>Ω,</strong></span> <span class='ocrx_word' id='word_1_197' title='bbox 1963 2734 1991 2776; x_wconf 90' lang='grc' dir='ltr'><strong><em>ς</em></strong></span> <span class='ocrx_word' id='word_1_198' title='bbox 2025 2731 2210 2781; x_wconf 81' lang='lat' dir='ltr'><strong>ungue</strong></span> <span class='ocrx_word' id='word_1_199' title='bbox 2248 2718 2427 2783; x_wconf 85' lang='lat' dir='ltr'><strong>perfo-</strong></span> 
     </span>
     <span class='ocr_line' id='line_1_27' title="bbox 154 2796 2429 2869; baseline -0.004 -9"><span class='ocrx_word' id='word_1_200' title='bbox 154 2814 333 2860; x_wconf 79' lang='lat' dir='ltr'><strong>ratum</strong></span> <span class='ocrx_word' id='word_1_201' title='bbox 372 2812 473 2859; x_wconf 88' lang='lat' dir='ltr'><strong>est.</strong></span> <span class='ocrx_word' id='word_1_202' title='bbox 598 2804 693 2869; x_wconf 89' lang='grc'><strong>76)</strong></span> <span class='ocrx_word' id='word_1_203' title='bbox 741 2796 949 2856; x_wconf 76' lang='grc' dir='ltr'><em>συνετά</em></span> <span class='ocrx_word' id='word_1_204' title='bbox 986 2805 1126 2855; x_wconf 87' lang='lat' dir='ltr'><strong>Ven.</strong></span> <span class='ocrx_word' id='word_1_205' title='bbox 1194 2804 1768 2869; x_wconf 82' lang='lat' dir='ltr'><strong>Interpretamentum.</strong></span> <span class='ocrx_word' id='word_1_206' title='bbox 1844 2801 1931 2856; x_wconf 85' lang='lat' dir='ltr'><strong>Cf.</strong></span> <span class='ocrx_word' id='word_1_207' title='bbox 1965 2802 2212 2866; x_wconf 80' lang='lat' dir='ltr'><strong>Hesyeh:</strong></span> <span class='ocrx_word' id='word_1_208' title='bbox 2252 2802 2429 2853; x_wconf 83' lang='grc' dir='ltr'><em>Πινν-</em></span> 
     </span>
     <span class='ocr_line' id='line_1_28' title="bbox 156 2882 659 2951; baseline -0.008 -6"><span class='ocrx_word' id='word_1_209' title='bbox 156 2885 277 2951; x_wconf 85' lang='grc' dir='ltr'><em>τός·</em></span> <span class='ocrx_word' id='word_1_210' title='bbox 314 2930 327 2943; x_wconf 92' lang='grc'><strong>.</strong></span> <span class='ocrx_word' id='word_1_211' title='bbox 359 2930 371 2943; x_wconf 95' lang='grc'><strong>.</strong></span> <span class='ocrx_word' id='word_1_212' title='bbox 410 2882 659 2950; x_wconf 83' lang='grc' dir='ltr'><em>συνετός.</em></span> 
     </span>
    </p>

    <p class='ocr_par' dir='ltr' id='par_1_14' title="bbox 156 2960 2431 4485">
     <span class='ocr_line' id='line_1_29' title="bbox 294 2960 2426 3039; baseline -0.006 -5"><span class='ocrx_word' id='word_1_213' title='bbox 294 2979 435 3033; x_wconf 77' lang='grc'><strong>256.</strong></span> <span class='ocrx_word' id='word_1_214' title='bbox 507 2974 558 3039; x_wconf 92' lang='lat'><strong>1)</strong></span> <span class='ocrx_word' id='word_1_215' title='bbox 592 2965 877 3026; x_wconf 62' lang='grc' dir='ltr'><em>’.ἀκούεται</em></span> <span class='ocrx_word' id='word_1_216' title='bbox 912 2972 1031 3026; x_wconf 83' lang='lat' dir='ltr'><strong>Ald.</strong></span> <span class='ocrx_word' id='word_1_217' title='bbox 1160 2972 1222 3036; x_wconf 88' lang='lat'><strong>2)</strong></span> <span class='ocrx_word' id='word_1_218' title='bbox 1260 2963 1475 3023; x_wconf 75' lang='grc' dir='ltr'><em>σόλλων</em></span> <span class='ocrx_word' id='word_1_219' title='bbox 1508 2969 1588 3026; x_wconf 83' lang='grc' dir='ltr'><strong>Ω.</strong></span> <span class='ocrx_word' id='word_1_220' title='bbox 1711 2970 1764 3037; x_wconf 87' lang='grc'><strong>3)</strong></span> <span class='ocrx_word' id='word_1_221' title='bbox 1801 2960 1876 3029; x_wconf 72' lang='grc' dir='ltr'><strong>ὥς</strong></span> <span class='ocrx_word' id='word_1_222' title='bbox 1913 2972 2016 3023; x_wconf 86' lang='lat' dir='ltr'><strong>eod</strong></span> <span class='ocrx_word' id='word_1_223' title='bbox 2053 2970 2104 3023; x_wconf 77' lang='grc' dir='ltr'><strong>δ’.</strong></span> <span class='ocrx_word' id='word_1_224' title='bbox 2231 2973 2288 3036; x_wconf 84' lang='grc'><strong>4)</strong></span> <span class='ocrx_word' id='word_1_225' title='bbox 2326 2964 2426 3023; x_wconf 75' lang='grc' dir='ltr'><em>σαί-</em></span> 
     </span>
     <span class='ocr_line' id='line_1_30' title="bbox 158 3049 2427 3126; baseline -0.002 -13"><span class='ocrx_word' id='word_1_226' title='bbox 158 3064 275 3125; x_wconf 81' lang='grc' dir='ltr'><em>ζειν</em></span> <span class='ocrx_word' id='word_1_227' title='bbox 310 3078 395 3113; x_wconf 86' lang='lat' dir='ltr'><strong>om</strong></span> <span class='ocrx_word' id='word_1_228' title='bbox 429 3058 745 3126; x_wconf 56' lang='lat' dir='ltr'><strong>pnlsent-S,</strong></span> <span class='ocrx_word' id='word_1_229' title='bbox 793 3075 844 3108; x_wconf 89' lang='lat' dir='ltr'><strong>m</strong></span> <span class='ocrx_word' id='word_1_230' title='bbox 890 3073 985 3109; x_wconf 82' lang='lat' dir='ltr'><strong>sec</strong></span> <span class='ocrx_word' id='word_1_231' title='bbox 1031 3058 1090 3107; x_wconf 88' lang='lat' dir='ltr'><strong>in</strong></span> <span class='ocrx_word' id='word_1_232' title='bbox 1136 3072 1309 3123; x_wconf 81' lang='lat' dir='ltr'><strong>marg.</strong></span> <span class='ocrx_word' id='word_1_233' title='bbox 1360 3056 1590 3107; x_wconf 78' lang='lat' dir='ltr'><strong>addidit.</strong></span> <span class='ocrx_word' id='word_1_234' title='bbox 1728 3056 1781 3119; x_wconf 89' lang='lat'><strong>5)</strong></span> <span class='ocrx_word' id='word_1_235' title='bbox 1831 3049 1984 3109; x_wconf 79' lang='grc' dir='ltr'><em>εἶναι</em></span> <span class='ocrx_word' id='word_1_236' title='bbox 2029 3050 2136 3123; x_wconf 75' lang='grc' dir='ltr'><strong>μὲν</strong></span> <span class='ocrx_word' id='word_1_237' title='bbox 2179 3058 2299 3107; x_wconf 87' lang='lat' dir='ltr'><strong>sine</strong></span> <span class='ocrx_word' id='word_1_238' title='bbox 2335 3049 2427 3109; x_wconf 71' lang='grc' dir='ltr'><em>ἀεὶ</em></span> 
     </span>
     <span class='ocr_line' id='line_1_31' title="bbox 156 3138 2426 3213; baseline -0.003 -15"><span class='ocrx_word' id='word_1_239' title='bbox 156 3146 331 3213; x_wconf 83' lang='lat' dir='ltr'><strong>Augl.</strong></span> <span class='ocrx_word' id='word_1_240' title='bbox 366 3144 416 3195; x_wconf 82' lang='lat'><strong>2.</strong></span> <span class='ocrx_word' id='word_1_241' title='bbox 453 3144 503 3195; x_wconf 81' lang='grc' dir='ltr'><strong>Ιε.</strong></span> <span class='ocrx_word' id='word_1_242' title='bbox 540 3160 583 3194; x_wconf 79' lang='lat' dir='ltr'><strong>s.</strong></span> <span class='ocrx_word' id='word_1_243' title='bbox 622 3170 689 3179; x_wconf 88' lang='lat'>—</span> <span class='ocrx_word' id='word_1_244' title='bbox 724 3138 776 3193; x_wconf 72' lang='lat' dir='ltr'><strong>el</strong></span> <span class='ocrx_word' id='word_1_245' title='bbox 809 3138 915 3209; x_wconf 76' lang='grc' dir='ltr'><strong>μὲν</strong></span> <span class='ocrx_word' id='word_1_246' title='bbox 951 3159 1014 3209; x_wconf 89' lang='lat' dir='ltr'><strong>pr</strong></span> <span class='ocrx_word' id='word_1_247' title='bbox 1051 3140 1129 3204; x_wconf 80' lang='grc' dir='ltr'><strong>Σ,</strong></span> <span class='ocrx_word' id='word_1_248' title='bbox 1178 3142 1330 3206; x_wconf 78' lang='lat' dir='ltr'><strong>antiq</strong></span> <span class='ocrx_word' id='word_1_249' title='bbox 1378 3140 1588 3191; x_wconf 82' lang='lat' dir='ltr'><strong>addidit</strong></span> <span class='ocrx_word' id='word_1_250' title='bbox 1633 3157 1671 3190; x_wconf 88' lang='grc' dir='ltr'><em>α</em></span> <span class='ocrx_word' id='word_1_251' title='bbox 1711 3147 1936 3207; x_wconf 88' lang='lat' dir='ltr'><strong>propter</strong></span> <span class='ocrx_word' id='word_1_252' title='bbox 1973 3139 2010 3191; x_wconf 82' lang='grc' dir='ltr'><em>ὃ</em></span> <span class='ocrx_word' id='word_1_253' title='bbox 2045 3142 2316 3193; x_wconf 88' lang='lat' dir='ltr'><strong>omissum.</strong></span> <span class='ocrx_word' id='word_1_254' title='bbox 2365 3170 2426 3179; x_wconf 90' lang='lat'><strong>—-</strong></span> 
     </span>
     <span class='ocr_line' id='line_1_32' title="bbox 156 3218 2427 3296; baseline -0.002 -12"><span class='ocrx_word' id='word_1_255' title='bbox 156 3223 256 3284; x_wconf 68' lang='grc' dir='ltr'><strong>ἀεὶ</strong></span> <span class='ocrx_word' id='word_1_256' title='bbox 297 3222 402 3296; x_wconf 70' lang='grc' dir='ltr'><strong>μὲν</strong></span> <span class='ocrx_word' id='word_1_257' title='bbox 446 3227 653 3279; x_wconf 79' lang='lat' dir='ltr'><strong>LaurS.</strong></span> <span class='ocrx_word' id='word_1_258' title='bbox 702 3226 849 3293; x_wconf 82' lang='lat' dir='ltr'><strong>vulg.</strong></span> <span class='ocrx_word' id='word_1_259' title='bbox 930 3228 1016 3277; x_wconf 84' lang='lat' dir='ltr'><strong>De</strong></span> <span class='ocrx_word' id='word_1_260' title='bbox 1063 3226 1263 3276; x_wconf 83' lang='lat' dir='ltr'><strong>omisso</strong></span> <span class='ocrx_word' id='word_1_261' title='bbox 1313 3218 1467 3276; x_wconf 77' lang='grc' dir='ltr'><em>εἶναι</em></span> <span class='ocrx_word' id='word_1_262' title='bbox 1526 3226 1600 3276; x_wconf 84' lang='lat' dir='ltr'><strong>ef.</strong></span> <span class='ocrx_word' id='word_1_263' title='bbox 1645 3225 1906 3292; x_wconf 83' lang='lat' dir='ltr'><strong>Prolegg.</strong></span> <span class='ocrx_word' id='word_1_264' title='bbox 1963 3227 2199 3277; x_wconf 74' lang='lat' dir='ltr'><strong>Gramm.</strong></span> <span class='ocrx_word' id='word_1_265' title='bbox 2249 3230 2296 3289; x_wconf 66' lang='grc' dir='ltr'><strong>ἕ.</strong></span> <span class='ocrx_word' id='word_1_266' title='bbox 2343 3226 2427 3279; x_wconf 75' lang='grc'><strong>96.</strong></span> 
     </span>
     <span class='ocr_line' id='line_1_33' title="bbox 159 3304 2427 3381; baseline -0.002 -14"><span class='ocrx_word' id='word_1_267' title='bbox 159 3318 368 3381; x_wconf 86' lang='lat' dir='ltr'><strong>‘Neque</strong></span> <span class='ocrx_word' id='word_1_268' title='bbox 406 3316 661 3365; x_wconf 82' lang='lat' dir='ltr'><strong>omissum</strong></span> <span class='ocrx_word' id='word_1_269' title='bbox 698 3313 1058 3378; x_wconf 83' lang='lat' dir='ltr'><strong>requirerem,</strong></span> <span class='ocrx_word' id='word_1_270' title='bbox 1106 3310 1155 3361; x_wconf 84' lang='lat' dir='ltr'><strong>si</strong></span> <span class='ocrx_word' id='word_1_271' title='bbox 1201 3310 1546 3361; x_wconf 85' lang='lat' dir='ltr'><strong>omitteretur</strong></span> <span class='ocrx_word' id='word_1_272' title='bbox 1589 3306 1688 3359; x_wconf 77' lang='grc' dir='ltr'><em>καὶ</em></span> <span class='ocrx_word' id='word_1_273' title='bbox 1724 3304 2042 3376; x_wconf 80' lang='grc' dir='ltr'><em>βούλομαι.’</em></span> <span class='ocrx_word' id='word_1_274' title='bbox 2114 3310 2427 3363; x_wconf 82' lang='lat' dir='ltr'><strong>Shilleto.</strong></span> 
     </span>
     <span class='ocr_line' id='line_1_34' title="bbox 158 3386 2428 3469; baseline -0.004 -16"><span class='ocrx_word' id='word_1_275' title='bbox 158 3402 369 3469; x_wconf 84' lang='lat' dir='ltr'><strong>Copula</strong></span> <span class='ocrx_word' id='word_1_276' title='bbox 412 3402 597 3465; x_wconf 83' lang='lat' dir='ltr'><strong>potest</strong></span> <span class='ocrx_word' id='word_1_277' title='bbox 641 3398 823 3449; x_wconf 86' lang='lat' dir='ltr'><strong>omitti</strong></span> <span class='ocrx_word' id='word_1_278' title='bbox 870 3398 1039 3446; x_wconf 80' lang='lat' dir='ltr'><strong>etiam</strong></span> <span class='ocrx_word' id='word_1_279' title='bbox 1076 3396 1146 3445; x_wconf 77' lang='lat' dir='ltr'><strong>ad</strong></span> <span class='ocrx_word' id='word_1_280' title='bbox 1182 3386 1483 3461; x_wconf 77' lang='grc' dir='ltr'><em>βούλομαι,</em></span> <span class='ocrx_word' id='word_1_281' title='bbox 1533 3396 1786 3461; x_wconf 82' lang='lat' dir='ltr'><strong>inprimis</strong></span> <span class='ocrx_word' id='word_1_282' title='bbox 1831 3400 1958 3461; x_wconf 87' lang='lat' dir='ltr'><strong>post</strong></span> <span class='ocrx_word' id='word_1_283' title='bbox 2001 3389 2268 3461; x_wconf 78' lang='grc' dir='ltr'><em>ἡγοῦμαι.</em></span> <span class='ocrx_word' id='word_1_284' title='bbox 2341 3395 2428 3446; x_wconf 83' lang='lat' dir='ltr'><strong>Cf.</strong></span> 
     </span>
     <span class='ocr_line' id='line_1_35' title="bbox 160 3467 2430 3552; baseline -0.004 -15"><span class='ocrx_word' id='word_1_285' title='bbox 160 3487 320 3552; x_wconf 87' lang='lat' dir='ltr'><strong>Soph.</strong></span> <span class='ocrx_word' id='word_1_286' title='bbox 357 3485 561 3536; x_wconf 77' lang='lat' dir='ltr'><strong>Trach.</strong></span> <span class='ocrx_word' id='word_1_287' title='bbox 598 3498 681 3536; x_wconf 80' lang='lat' dir='ltr'><strong>vs.</strong></span> <span class='ocrx_word' id='word_1_288' title='bbox 715 3480 841 3533; x_wconf 82' lang='lat'>232:</span> <span class='ocrx_word' id='word_1_289' title='bbox 890 3470 1091 3546; x_wconf 75' lang='grc' dir='ltr'><em>πρῶθ’</em></span> <span class='ocrx_word' id='word_1_290' title='bbox 1132 3467 1175 3532; x_wconf 63' lang='grc' dir='ltr'><strong>οἳ</strong></span> <span class='ocrx_word' id='word_1_291' title='bbox 1218 3479 1413 3545; x_wconf 78' lang='grc' dir='ltr'><em>πρῶτα</em></span> <span class='ocrx_word' id='word_1_292' title='bbox 1450 3472 1732 3546; x_wconf 78' lang='grc' dir='ltr'><em>βούλομαι</em></span> <span class='ocrx_word' id='word_1_293' title='bbox 1769 3477 2028 3543; x_wconf 76' lang='grc' dir='ltr'><em>δίδαξον.</em></span> <span class='ocrx_word' id='word_1_294' title='bbox 2075 3506 2142 3515; x_wconf 91' lang='lat'><strong>——</strong></span> <span class='ocrx_word' id='word_1_295' title='bbox 2194 3474 2288 3530; x_wconf 85' lang='grc' dir='ltr'><strong>αἐὶ</strong></span> <span class='ocrx_word' id='word_1_296' title='bbox 2324 3474 2430 3544; x_wconf 72' lang='grc' dir='ltr'><strong>μὲν</strong></span> 
     </span>
     <span class='ocr_line' id='line_1_36' title="bbox 161 3558 2426 3633; baseline -0.004 -10"><span class='ocrx_word' id='word_1_297' title='bbox 161 3566 312 3623; x_wconf 82' lang='grc' dir='ltr'><em>εἶναι</em></span> <span class='ocrx_word' id='word_1_298' title='bbox 345 3568 545 3621; x_wconf 75' lang='lat' dir='ltr'><strong>Laur8.</strong></span> <span class='ocrx_word' id='word_1_299' title='bbox 586 3566 681 3633; x_wconf 84' lang='lat' dir='ltr'><strong>(r).</strong></span> <span class='ocrx_word' id='word_1_300' title='bbox 729 3594 792 3604; x_wconf 92' lang='lat'><strong>—</strong></span> <span class='ocrx_word' id='word_1_301' title='bbox 840 3558 1021 3616; x_wconf 64' lang='grc' dir='ltr'><em>ἐἶναι</em></span> <span class='ocrx_word' id='word_1_302' title='bbox 1057 3558 1164 3632; x_wconf 70' lang='grc' dir='ltr'><strong>μὲν</strong></span> <span class='ocrx_word' id='word_1_303' title='bbox 1209 3582 1243 3617; x_wconf 82' lang='lat' dir='ltr'><strong>a</strong></span> <span class='ocrx_word' id='word_1_304' title='bbox 1278 3564 1652 3616; x_wconf 79' lang='lat' dir='ltr'><strong>Demosthene</strong></span> <span class='ocrx_word' id='word_1_305' title='bbox 1698 3566 2004 3630; x_wconf 83' lang='lat' dir='ltr'><strong>profectum</strong></span> <span class='ocrx_word' id='word_1_306' title='bbox 2044 3580 2164 3617; x_wconf 86' lang='lat' dir='ltr'><strong>esse</strong></span> <span class='ocrx_word' id='word_1_307' title='bbox 2204 3581 2426 3616; x_wconf 77' lang='lat' dir='ltr'><strong>censeo,</strong></span> 
     </span>
     <span class='ocr_line' id='line_1_37' title="bbox 163 3649 2429 3714; baseline -0.002 -7"><span class='ocrx_word' id='word_1_308' title='bbox 163 3655 559 3707; x_wconf 84' lang='lat' dir='ltr'><strong>Demosthenes</strong></span> <span class='ocrx_word' id='word_1_309' title='bbox 598 3654 742 3704; x_wconf 89' lang='lat' dir='ltr'><strong>enim</strong></span> <span class='ocrx_word' id='word_1_310' title='bbox 785 3652 890 3703; x_wconf 80' lang='lat' dir='ltr'><strong>hoe</strong></span> <span class='ocrx_word' id='word_1_311' title='bbox 928 3656 1013 3702; x_wconf 87' lang='lat' dir='ltr'><strong>est</strong></span> <span class='ocrx_word' id='word_1_312' title='bbox 1047 3651 1319 3701; x_wconf 64' lang='lat' dir='ltr'><strong>dicturum</strong></span> <span class='ocrx_word' id='word_1_313' title='bbox 1368 3665 1489 3701; x_wconf 82' lang='lat' dir='ltr'><strong>esse</strong></span> <span class='ocrx_word' id='word_1_314' title='bbox 1538 3649 1756 3714; x_wconf 89' lang='lat' dir='ltr'><strong>quidem</strong></span> <span class='ocrx_word' id='word_1_315' title='bbox 1801 3666 1989 3702; x_wconf 77' lang='lat' dir='ltr'><strong>veram</strong></span> <span class='ocrx_word' id='word_1_316' title='bbox 2032 3651 2177 3702; x_wconf 86' lang='lat' dir='ltr'><strong>hane</strong></span> <span class='ocrx_word' id='word_1_317' title='bbox 2214 3650 2429 3702; x_wconf 82' lang='lat' dir='ltr'><strong>Solonis</strong></span> 
     </span>
     <span class='ocr_line' id='line_1_38' title="bbox 160 3735 2428 3803; baseline -0.002 -11"><span class='ocrx_word' id='word_1_318' title='bbox 160 3740 503 3802; x_wconf 82' lang='lat' dir='ltr'><strong>sententiam,</strong></span> <span class='ocrx_word' id='word_1_319' title='bbox 543 3738 677 3789; x_wconf 86' lang='lat' dir='ltr'><strong>deos</strong></span> <span class='ocrx_word' id='word_1_320' title='bbox 700 3738 949 3788; x_wconf 76' lang='lat' dir='ltr'><strong>Athenas</strong></span> <span class='ocrx_word' id='word_1_321' title='bbox 973 3750 1217 3795; x_wconf 80' lang='lat' dir='ltr'><strong>servare,</strong></span> <span class='ocrx_word' id='word_1_322' title='bbox 1256 3750 1315 3785; x_wconf 86' lang='lat' dir='ltr'><strong>se</strong></span> <span class='ocrx_word' id='word_1_323' title='bbox 1340 3740 1535 3801; x_wconf 82' lang='lat' dir='ltr'><strong>putare</strong></span> <span class='ocrx_word' id='word_1_324' title='bbox 1565 3739 1620 3785; x_wconf 89' lang='lat' dir='ltr'><strong>et</strong></span> <span class='ocrx_word' id='word_1_325' title='bbox 1654 3735 1825 3799; x_wconf 85' lang='lat' dir='ltr'><strong>velle;</strong></span> <span class='ocrx_word' id='word_1_326' title='bbox 1863 3738 2039 3803; x_wconf 83' lang='lat' dir='ltr'><strong>ipsam</strong></span> <span class='ocrx_word' id='word_1_327' title='bbox 2077 3742 2258 3787; x_wconf 79' lang='lat' dir='ltr'><strong>autem</strong></span> <span class='ocrx_word' id='word_1_328' title='bbox 2282 3737 2428 3788; x_wconf 86' lang='lat' dir='ltr'><strong>hane</strong></span> 
     </span>
     <span class='ocr_line' id='line_1_39' title="bbox 164 3820 2428 3890; baseline -0.002 -14"><span class='ocrx_word' id='word_1_329' title='bbox 164 3841 383 3876; x_wconf 77' lang='lat' dir='ltr'><strong>causam</strong></span> <span class='ocrx_word' id='word_1_330' title='bbox 420 3822 814 3890; x_wconf 82' lang='lat' dir='ltr'><strong>quodammodo</strong></span> <span class='ocrx_word' id='word_1_331' title='bbox 858 3822 1094 3888; x_wconf 82' lang='lat' dir='ltr'><strong>probare</strong></span> <span class='ocrx_word' id='word_1_332' title='bbox 1141 3820 1361 3872; x_wconf 87' lang='lat' dir='ltr'><strong>deorum</strong></span> <span class='ocrx_word' id='word_1_333' title='bbox 1407 3820 1844 3872; x_wconf 80' lang='lat' dir='ltr'><strong>benivolentiam</strong></span> <span class='ocrx_word' id='word_1_334' title='bbox 1879 3838 1940 3873; x_wconf 91' lang='lat' dir='ltr'><strong>se</strong></span> <span class='ocrx_word' id='word_1_335' title='bbox 1975 3838 2084 3874; x_wconf 88' lang='lat' dir='ltr'><strong>non</strong></span> <span class='ocrx_word' id='word_1_336' title='bbox 2120 3822 2297 3873; x_wconf 89' lang='lat' dir='ltr'><strong>minus</strong></span> <span class='ocrx_word' id='word_1_337' title='bbox 2332 3838 2428 3889; x_wconf 88' lang='lat' dir='ltr'><strong>pu-</strong></span> 
     </span>
     <span class='ocr_line' id='line_1_40' title="bbox 162 3899 2428 3974; baseline -0.001 -13"><span class='ocrx_word' id='word_1_338' title='bbox 162 3916 297 3961; x_wconf 85' lang='lat' dir='ltr'><strong>tare.</strong></span> <span class='ocrx_word' id='word_1_339' title='bbox 366 3910 515 3974; x_wconf 81' lang='lat' dir='ltr'><strong>Ergo</strong></span> <span class='ocrx_word' id='word_1_340' title='bbox 552 3924 663 3959; x_wconf 83' lang='lat' dir='ltr'><strong>non</strong></span> <span class='ocrx_word' id='word_1_341' title='bbox 698 3899 792 3958; x_wconf 70' lang='grc' dir='ltr'><em>ἀεὶ</em></span> <span class='ocrx_word' id='word_1_342' title='bbox 830 3912 887 3957; x_wconf 89' lang='lat' dir='ltr'><strong>et</strong></span> <span class='ocrx_word' id='word_1_343' title='bbox 922 3904 1047 3973; x_wconf 79' lang='grc' dir='ltr'><em>νῦν,</em></span> <span class='ocrx_word' id='word_1_344' title='bbox 1086 3907 1183 3958; x_wconf 85' lang='lat' dir='ltr'><strong>sed</strong></span> <span class='ocrx_word' id='word_1_345' title='bbox 1218 3906 1405 3972; x_wconf 88' lang='lat' dir='ltr'><strong>opinio</strong></span> <span class='ocrx_word' id='word_1_346' title='bbox 1443 3910 1501 3957; x_wconf 87' lang='lat' dir='ltr'><strong>et</strong></span> <span class='ocrx_word' id='word_1_347' title='bbox 1534 3908 1684 3973; x_wconf 85' lang='lat' dir='ltr'><strong>optio</strong></span> <span class='ocrx_word' id='word_1_348' title='bbox 1720 3908 2054 3959; x_wconf 83' lang='lat' dir='ltr'><strong>sententiam</strong></span> <span class='ocrx_word' id='word_1_349' title='bbox 2089 3923 2278 3959; x_wconf 80' lang='lat' dir='ltr'><strong>veram</strong></span> <span class='ocrx_word' id='word_1_350' title='bbox 2306 3923 2428 3958; x_wconf 88' lang='lat' dir='ltr'><strong>esse</strong></span> 
     </span>
     <span class='ocr_line' id='line_1_41' title="bbox 166 3991 2428 4059; baseline -0.001 -14"><span class='ocrx_word' id='word_1_351' title='bbox 166 4000 223 4046; x_wconf 81' lang='lat' dir='ltr'><strong>et</strong></span> <span class='ocrx_word' id='word_1_352' title='bbox 254 4010 368 4058; x_wconf 86' lang='lat' dir='ltr'><strong>res,</strong></span> <span class='ocrx_word' id='word_1_353' title='bbox 419 4010 561 4059; x_wconf 79' lang='lat' dir='ltr'><strong>quae</strong></span> <span class='ocrx_word' id='word_1_354' title='bbox 598 3992 935 4045; x_wconf 82' lang='lat' dir='ltr'><strong>sententiam</strong></span> <span class='ocrx_word' id='word_1_355' title='bbox 969 4008 1159 4044; x_wconf 80' lang='lat' dir='ltr'><strong>veram</strong></span> <span class='ocrx_word' id='word_1_356' title='bbox 1198 4006 1318 4043; x_wconf 83' lang='lat' dir='ltr'><strong>esse</strong></span> <span class='ocrx_word' id='word_1_357' title='bbox 1355 3991 1640 4057; x_wconf 79' lang='lat' dir='ltr'><strong>probavit,</strong></span> <span class='ocrx_word' id='word_1_358' title='bbox 1680 3992 1792 4043; x_wconf 85' lang='lat' dir='ltr'><strong>sibi</strong></span> <span class='ocrx_word' id='word_1_359' title='bbox 1827 3993 2178 4059; x_wconf 87' lang='lat' dir='ltr'><strong>respondent.</strong></span> <span class='ocrx_word' id='word_1_360' title='bbox 2251 3992 2428 4055; x_wconf 81' lang='lat' dir='ltr'><strong>Quam</strong></span> 
     </span>
     <span class='ocr_line' id='line_1_42' title="bbox 165 4066 2430 4143; baseline -0.001 -13"><span class='ocrx_word' id='word_1_361' title='bbox 165 4080 325 4131; x_wconf 81' lang='lat' dir='ltr'><strong>facile</strong></span> <span class='ocrx_word' id='word_1_362' title='bbox 363 4083 547 4129; x_wconf 77' lang='lat' dir='ltr'><strong>autem</strong></span> <span class='ocrx_word' id='word_1_363' title='bbox 593 4066 688 4129; x_wconf 78' lang='grc' dir='ltr'><strong>αἐὶ</strong></span> <span class='ocrx_word' id='word_1_364' title='bbox 723 4077 897 4129; x_wconf 83' lang='lat' dir='ltr'><strong>inseri</strong></span> <span class='ocrx_word' id='word_1_365' title='bbox 931 4078 1199 4143; x_wconf 86' lang='lat' dir='ltr'><strong>potuerit,</strong></span> <span class='ocrx_word' id='word_1_366' title='bbox 1246 4092 1357 4126; x_wconf 88' lang='lat' dir='ltr'><strong>non</strong></span> <span class='ocrx_word' id='word_1_367' title='bbox 1406 4081 1490 4128; x_wconf 88' lang='lat' dir='ltr'><strong>est</strong></span> <span class='ocrx_word' id='word_1_368' title='bbox 1534 4076 1678 4142; x_wconf 83' lang='lat' dir='ltr'><strong>quod</strong></span> <span class='ocrx_word' id='word_1_369' title='bbox 1715 4079 2025 4141; x_wconf 77' lang='lat' dir='ltr'><strong>ostendam,</strong></span> <span class='ocrx_word' id='word_1_370' title='bbox 2075 4092 2180 4143; x_wconf 89' lang='lat' dir='ltr'><strong>quo</strong></span> <span class='ocrx_word' id='word_1_371' title='bbox 2223 4079 2430 4128; x_wconf 81' lang='lat' dir='ltr'><strong>inserto</strong></span> 
     </span>
     <span class='ocr_line' id='line_1_43' title="bbox 166 4158 2431 4229; baseline -0.003 -12"><span class='ocrx_word' id='word_1_372' title='bbox 166 4158 311 4217; x_wconf 78' lang='grc' dir='ltr'><em>εἶναι</em></span> <span class='ocrx_word' id='word_1_373' title='bbox 349 4168 434 4213; x_wconf 88' lang='lat' dir='ltr'><strong>est</strong></span> <span class='ocrx_word' id='word_1_374' title='bbox 468 4160 762 4213; x_wconf 60' lang='lat' dir='ltr'><strong>omissum!</strong></span> <span class='ocrx_word' id='word_1_375' title='bbox 832 4162 1246 4213; x_wconf 84' lang='lat' dir='ltr'><strong>Benselerus</strong></span> <span class='ocrx_word' id='word_1_376' title='bbox 1290 4162 1446 4213; x_wconf 79' lang='lat' dir='ltr'><strong>Hiat.</strong></span> <span class='ocrx_word' id='word_1_377' title='bbox 1483 4178 1535 4229; x_wconf 88' lang='lat' dir='ltr'><strong>p.</strong></span> <span class='ocrx_word' id='word_1_378' title='bbox 1573 4160 1656 4215; x_wconf 82' lang='lat'><strong>99.</strong></span> <span class='ocrx_word' id='word_1_379' title='bbox 1737 4165 1809 4212; x_wconf 90' lang='lat' dir='ltr'><strong>At</strong></span> <span class='ocrx_word' id='word_1_380' title='bbox 1853 4163 2136 4214; x_wconf 83' lang='lat' dir='ltr'><strong>sententia.</strong></span> <span class='ocrx_word' id='word_1_381' title='bbox 2185 4168 2293 4211; x_wconf 83' lang='lat' dir='ltr'><strong>est:</strong></span> <span class='ocrx_word' id='word_1_382' title='bbox 2355 4163 2431 4213; x_wconf 88' lang='lat' dir='ltr'><strong>Ut</strong></span> 
     </span>
     <span class='ocr_line' id='line_1_44' title="bbox 166 4246 2429 4315; baseline -0.003 -14"><span class='ocrx_word' id='word_1_383' title='bbox 166 4265 372 4315; x_wconf 82' lang='lat' dir='ltr'><strong>semper</strong></span> <span class='ocrx_word' id='word_1_384' title='bbox 407 4248 487 4297; x_wconf 86' lang='lat' dir='ltr'><strong>dii</strong></span> <span class='ocrx_word' id='word_1_385' title='bbox 523 4246 712 4297; x_wconf 86' lang='lat' dir='ltr'><strong>urbem</strong></span> <span class='ocrx_word' id='word_1_386' title='bbox 748 4251 999 4311; x_wconf 84' lang='lat' dir='ltr'><strong>servent,</strong></span> <span class='ocrx_word' id='word_1_387' title='bbox 1038 4252 1198 4313; x_wconf 86' lang='lat' dir='ltr'><strong>opto,</strong></span> <span class='ocrx_word' id='word_1_388' title='bbox 1248 4247 1345 4297; x_wconf 87' lang='lat' dir='ltr'><strong>sed</strong></span> <span class='ocrx_word' id='word_1_389' title='bbox 1382 4247 1554 4297; x_wconf 83' lang='lat' dir='ltr'><strong>etiam</strong></span> <span class='ocrx_word' id='word_1_390' title='bbox 1579 4263 1722 4297; x_wconf 84' lang='lat' dir='ltr'><strong>nune</strong></span> <span class='ocrx_word' id='word_1_391' title='bbox 1761 4248 1902 4312; x_wconf 85' lang='lat' dir='ltr'><strong>quod</strong></span> <span class='ocrx_word' id='word_1_392' title='bbox 1935 4246 2288 4297; x_wconf 81' lang='lat' dir='ltr'><strong>Timarchum</strong></span> <span class='ocrx_word' id='word_1_393' title='bbox 2324 4247 2429 4296; x_wconf 85' lang='lat' dir='ltr'><strong>Ae—</strong></span> 
     </span>
     <span class='ocr_line' id='line_1_45' title="bbox 167 4329 2430 4397; baseline -0.003 -14"><span class='ocrx_word' id='word_1_394' title='bbox 167 4334 377 4384; x_wconf 84' lang='lat' dir='ltr'><strong>schines</strong></span> <span class='ocrx_word' id='word_1_395' title='bbox 415 4336 795 4383; x_wconf 77' lang='lat' dir='ltr'><strong>accusatorem</strong></span> <span class='ocrx_word' id='word_1_396' title='bbox 848 4330 1024 4397; x_wconf 86' lang='lat' dir='ltr'><strong>ipsius</strong></span> <span class='ocrx_word' id='word_1_397' title='bbox 1068 4332 1367 4383; x_wconf 81' lang='lat' dir='ltr'><strong>crudeliter</strong></span> <span class='ocrx_word' id='word_1_398' title='bbox 1414 4332 1700 4383; x_wconf 76' lang='lat' dir='ltr'><strong>accusavit</strong></span> <span class='ocrx_word' id='word_1_399' title='bbox 1735 4336 1844 4382; x_wconf 88' lang='lat' dir='ltr'><strong>ete.</strong></span> <span class='ocrx_word' id='word_1_400' title='bbox 1893 4329 2308 4381; x_wconf 82' lang='lat' dir='ltr'><strong>benivolentiae</strong></span> <span class='ocrx_word' id='word_1_401' title='bbox 2352 4330 2430 4379; x_wconf 89' lang='lat' dir='ltr'><strong>di-</strong></span> 
     </span>
     <span class='ocr_line' id='line_1_46' title="bbox 166 4415 1786 4485; baseline -0.002 -16"><span class='ocrx_word' id='word_1_402' title='bbox 166 4420 320 4469; x_wconf 78' lang='lat' dir='ltr'><strong>vinae</strong></span> <span class='ocrx_word' id='word_1_403' title='bbox 357 4421 445 4468; x_wconf 83' lang='lat' dir='ltr'><strong>est</strong></span> <span class='ocrx_word' id='word_1_404' title='bbox 478 4418 715 4482; x_wconf 75' lang='lat' dir='ltr'><strong>signum.</strong></span> <span class='ocrx_word' id='word_1_405' title='bbox 788 4415 883 4467; x_wconf 75' lang='lat' dir='ltr'><strong>Sic</strong></span> <span class='ocrx_word' id='word_1_406' title='bbox 921 4418 1111 4469; x_wconf 80' lang='lat' dir='ltr'><strong>existit</strong></span> <span class='ocrx_word' id='word_1_407' title='bbox 1145 4415 1467 4485; x_wconf 75' lang='lat' dir='ltr'><strong>praeclarus</strong></span> <span class='ocrx_word' id='word_1_408' title='bbox 1502 4415 1786 4467; x_wconf 79' lang='lat' dir='ltr'><strong>transitus.</strong></span> 
     </span>
    </p>
   </div>
  </div>
 </body>
</html>
