3084 4938
871 406 1312 449 nanosrnmus
1345 407 1581 451 οιιΑτιο
1612 410 1697 449 ns
1728 406 2001 453 cenom.
2449 392 2571 454 189

274 556 439 630 οὔτ’
480 566 752 630 ἔλαττον
801 556 1092 651 ψήφισμ’
1130 558 1335 631 οὐδὲν
1373 556 1723 653 Αἰσχίνῃω
1768 555 1983 653 mol„
2018 564 2155 632 τῶν
2198 548 2571 650 συμφερόνὲ

275 749 471 803 minus
501 747 778 805 decretum
811 746 1014 803 factum
1045 748 1112 803 ab
1140 750 1406 805 Aeschine
1435 766 1536 822 pro
1570 749 1807 805 utilitate
1838 748 2181 822 reipublicae.
2236 748 2320 803 sin
2350 746 2571 821 aliquod

278 930 434 979 libro
460 930 664 995 primus
692 928 903 994 recepit
927 931 970 979 T
978 928 1213 993 aylorus.
1251 930 1536 979 Accedunt
1562 930 1716 979 codd.
1744 932 2079 995 Hermogen.
2105 946 2158 995 p.
2178 928 2296 979 241.
2318 926 2569 979 Scholia-

281 1020 378 1063 sta
419 1014 488 1063 ad
525 1030 645 1064 enm
681 1014 746 1063 T.
786 1013 885 1061 vll
922 1029 975 1078 p.
999 1012 1101 1063 998
1125 1014 1210 1062 W.
1270 1013 1332 1063 In
1371 1014 1631 1065 auxilium
1668 1014 1937 1078 Taylorus
1972 1014 2196 1065 vocavit
2230 1014 2466 1077 Etymol.
2494 1013 2568 1062 M.

283 1116 342 1163 p.
380 1098 502 1161 463,
538 1098 631 1147 41:
674 1088 1079 1163 Ἰαμβοφάγος·
1131 1094 1410 1160 λοίδορος.
1482 1089 1683 1163 ἐπειδὴ
1734 1094 1939 1164 ἴαμβος
1986 1091 2258 1163 ἔμμετρός
2304 1089 2419 1149 ἔστι
2454 1098 2568 1149 λοι-

286 1181 487 1245 δορία.
541 1183 754 1245 (eadem
792 1182 1038 1231 Zonaras
1074 1197 1126 1246 p.
1167 1180 1338 1245 1078).
1409 1176 1440 1232 ὁ
1478 1174 1680 1248 φαγών
1714 1168 1837 1245 οὖν,
1878 1174 1941 1233 ἐν
1977 1182 2052 1247 τῷ
2087 1174 2319 1247 στόματι
2356 1174 2387 1231 ὁ
2426 1176 2570 1247 ἔχων

291 1262 436 1325 τοὺς
472 1261 729 1335 ἰάμβους,
769 1260 1057 1317 τουτέστιν
1101 1256 1132 1315 ὁ
1172 1260 1315 1331 ἔχων
1361 1259 1459 1316 διὰ
1505 1258 1781 1331 στόματος
1822 1259 1930 1333 τήν
1975 1264 2409 1333 φιλολοιδορίαν
2444 1265 2568 1331 (ea-

290 1352 422 1403 dem
458 1351 665 1401 Anecd.
705 1350 834 1401 Bkk
870 1368 920 1416 p.
959 1348 1098 1413 265).
1148 1346 1428 1416 μέμνηται
1463 1344 1848 1417 Δημοσθένης
1884 1342 1947 1401 ἐν
1980 1350 2059 1416 τῷ
2092 1348 2224 1415 περὶ
2259 1343 2565 1417 στεφάνου.

286 1428 444 1501 τάχα
479 1432 578 1485 καὶ
614 1434 994 1498 παραπαίζων
1031 1430 1114 1493 εἰς
1149 1428 1249 1486 τὸν
1282 1428 1576 1500 Αἰσχίνην,
1604 1428 1691 1485 ὅτι
1725 1429 1795 1485 τά
1834 1430 2075 1501 ἰαμβεῖα
2108 1435 2207 1501 τῆς
2243 1433 2567 1501 τραγῳδίας

287 1514 490 1584 ἔλεγεν
523 1510 838 1585 ὖποκρίτης
872 1508 970 1569 ὄν.
1006 1515 1105 1569 καὶ
1143 1514 1430 1585 ἰαμβίζειν
1463 1514 1527 1570 τὸ
1564 1517 1851 1584 λοιδορεῖν
1884 1516 1982 1572 καὶ
2017 1521 2369 1586 κακολογεῖν.
2409 1520 2567 1571 Haec

281 1604 488 1654 ultima
525 1604 718 1654 eadem
755 1603 1065 1668 Hesychius
1102 1619 1144 1655 s.
1183 1620 1248 1655 v:
1279 1593 1581 1670 Ἰαμβίζειν
1616 1620 1668 1669 p.
1706 1602 1757 1653 7.
1791 1602 2130 1655 Bachmann.
2166 1604 2373 1653 Anecd.
2408 1604 2475 1654 T.
2511 1604 2569 1654 11

283 1706 342 1755 p.
389 1686 508 1741 189.
579 1688 666 1737 Of.
705 1686 889 1738 Schol.
929 1689 998 1739 ad
1034 1690 1366 1755 Hermogen.
1403 1690 1470 1739 T.
1505 1688 1555 1737 V
1589 1704 1644 1753 p.
1680 1686 1781 1737 498
1818 1688 1931 1738 W.=
1978 1680 2043 1739 τὸ
2079 1682 2145 1739 δὲ
2182 1680 2569 1754 ἰαμβιοφάγος

283 1764 424 1823 άντὶ
460 1770 566 1823 τοῦ
599 1763 886 1837 ὑβριστής.
944 1767 1230 1839 ἰαμβίζειν
1264 1768 1374 1838 γὰρ
1411 1765 1474 1823 τὸ
1510 1767 1793 1822 σκώπτειν
1830 1764 2002 1824 ἐστίν.
2074 1773 2229 1834 Quae
2268 1772 2565 1837 explicatio

285 1874 456 1923 quum
502 1858 643 1907 satis
687 1872 716 1907 e
761 1856 1059 1922 longinquo
1097 1860 1350 1922 quaesita
1385 1858 1485 1919 sit,
1527 1858 1674 1919 (nam
1712 1858 1803 1922 qui
1840 1857 2029 1913 edunt,
2068 1857 2328 1923 ingerunt
2362 1872 2564 1919 escam,

287 1958 404 1992 non
447 1942 758 2007 proferunt,
809 1934 1170 2007 ἰαμβοφάγος
1215 1948 1455 2006 nomest
1501 1934 1893 2007 ἰαμβολόγος),
1943 1940 2094 2003 ideo,
2144 1956 2471 2007 quamquam
2504 1934 2568 1993 τὸ

286 2016 450 2088 ἅπαξ
486 2018 795 2091 λεγὺμενον
832 2027 1164 2092 antiquitate
1200 2027 1486 2092 probatum
1523 2026 1766 2088 videtur-,⁵
1798 2026 2070 2091 Sauppius
2096 2026 2253 2075 finxit
2277 2020 2568 2093 ἰαμβειοό·

289 2104 508 2177 ὅάφος,
555 2109 888 2161 Schaeferus
935 2109 1084 2159 aliud
1129 2111 1400 2176 refugium
1449 2124 1507 2161 se
1555 2111 1833 2161 invenisse
1871 2110 2103 2176 putabat
2138 2111 2193 2159 in
2229 2110 2564 2163 BkkAnecd.

286 2213 344 2262 p.
383 2194 509 2247 190:
550 2185 939 2260 Ἰαμβοφάγον
981 2188 1084 2245 τὸν
1129 2195 1407 2245 πταίοντα
1453 2188 1731 2260 λέγουσιν.
1804 2195 2015 2258 ‘Quae‚
2054 2196 2257 2260 inquit,
2298 2198 2437 2247 satis
2470 2196 2565 2247 ob-

287 2296 458 2333 scura
498 2295 599 2345 per
641 2294 730 2341 se,
777 2280 904 2330 vide
949 2294 1019 2329 ne
1066 2279 1243 2329 lucem
1281 2282 1565 2345 accipiant
1600 2296 1633 2329 a
1666 2280 2113 2331 Demosthenicis
2146 2296 2197 2345 p.
2234 2278 2350 2341 288,
2386 2280 2471 2331 20.
2509 2296 2564 2345 p.

287 2364 412 2429 315,
455 2362 518 2437 10
553 2369 609 2414 et
644 2362 728 2415 21.
765 2368 826 2413 ut
861 2365 1254 2429 grammaticus
1290 2365 1432 2414 hanc
1469 2380 1661 2415 vocem
1694 2363 2035 2415 intellexerit
2068 2380 2177 2415 non
2213 2365 2279 2415 de
2317 2365 2565 2430 φιλολοι-

291 2443 476 2516 δόρῳ,
521 2448 622 2499 sed
667 2448 732 2499 de
779 2445 1178 2515 λυμαινομένῳ
1221 2442 1354 2508 τοὺς
1399 2442 1643 2515 ἰάμβους
1694 2448 1747 2500 h.
1787 2465 1835 2500 e.
1884 2449 1951 2501 de
1997 2450 2347 2516 disperdente
2394 2450 2565 2502 bonos

289 2535 570 2586 trimetros
603 2549 704 2599 per
737 2535 996 2585 vitiosam
1032 2534 1553 2600 pronuntiationem,
1582 2549 1689 2600 qua
1712 2535 1871 2586 homo
1904 2535 2117 2586 iambos
2155 2541 2431 2600 tamquam
2468 2537 2565 2586 ab·

289 2618 516 2669 sorbere
561 2616 878 2669 videretur!
945 2620 1020 2668 At
1070 2619 1322 2684 profecto
1375 2619 1759 2670 calumniatori
1811 2619 2011 2670 malam
2062 2621 2565 2685 pronuntiationem

293 2704 632 2770 exprobrare
664 2717 856 2767 parum
894 2705 1358 2755 accommodatum
1397 2708 1508 2768 est,
1550 2705 1755 2769 optime
1801 2721 1929 2755 vero
1962 2704 2291 2756 vocabulum
2328 2705 2563 2768 additur,

289 2801 400 2853 quo
437 2787 782 2853 significetur
817 2788 1054 2852 superba
1089 2789 1506 2852 maledicentia,
1546 2788 1673 2839 inde
1713 2789 2205 2839 Grammaticorum
2242 2787 2565 2853 φιλολοίδο-

287 2887 418 2938 ρος,
459 2868 746 2935 λοίδορος,
785 2862 1076 2938 ὑβριστής,
1123 2873 1240 2924 sive
1278 2873 1348 2923 ad
1394 2864 1799 2939 ἰαμβογράφον
1832 2875 1949 2924 sive
1988 2866 2358 2939 ἰαμβοφάγον
2392 2873 2565 2940 expli-

291 2957 550 3008 candum.
623 2956 867 3021 Vulgata
901 2957 1067 3008 lectio
1103 2973 1170 3009 eo
1205 2959 1384 3025 magis
1421 2961 1697 3022 convenit,
1736 2958 1877 3024 quod
1914 2956 2207 3008 Aeschinis
2244 2957 2412 3007 etiam
2449 2973 2567 3008 car-

289 3043 444 3092 mina
489 3041 1032 3092 circumferebantur.
1100 3042 1358 3094 Aeschin.
1409 3042 1687 3094 Timarch.
1726 3047 1773 3106 §-
1816 3039 1935 3092 136:
1992 3039 2123 3105 περὶ
2160 3033 2225 3091 δὲ
2257 3039 2371 3092 τῶν
2404 3058 2567 3110 ποιη·

287 3121 491 3192 μάτων
533 3111 614 3175 ὦν
659 3120 841 3190 φασὶν
883 3114 1047 3178 οὗτοί
1087 3141 1156 3191 με
1191 3122 1598 3194 πεποιηκέναι,
1631 3119 1703 3176 τὰ
1740 3119 1848 3191 μὲν
1882 3117 2159 3191 ὁμολογῶ,
2199 3119 2270 3176 τὰ
2310 3118 2366 3177 δ’
2406 3118 2567 3192 ἐξαρ,

289 3209 506 3276 νοῦμαι
542 3201 618 3275 μή
657 3208 860 3261 τοῦτον
896 3205 1048 3276 ἔχειν
1081 3205 1181 3262 τὸν
1214 3209 1428 3275 τρόπον
1450 3199 1518 3262 ὃν
1541 3197 1697 3263 οὗτοι
1718 3208 2167 3275 διαφθείροντες
2201 3206 2565 3275 παρέξονται.

291 3294 600 3346 Aeschines
635 3294 852 3359 quidem
891 3312 956 3346 eo
991 3295 1112 3346 loco
1149 3297 1389 3348 affirmat
1411 3313 1472 3348 se
1507 3297 1795 3347 honestum
1821 3309 2058 3345 amorem
2084 3295 2419 3360 celebrasse,
2453 3298 2567 3347 De·

293 3383 614 3434 mosthenes
661 3388 842 3434 autem
889 3381 1198 3432 mordacem
1245 3397 1366 3432 eum
1404 3397 1675 3448 apparere
1714 3371 2185 3445 ἰαμβειογράφον.
2258 3380 2343 3431 cf.
2380 3381 2567 3430 Philo-

291 3473 452 3520 strat.
523 3467 635 3518 Vit.
661 3466 910 3533 Apellen.
950 3485 1001 3533 p.
1027 3465 1151 3516 246:
1189 3459 1596 3532 φιλολοίδορόν
1627 3481 1688 3516 τε
1725 3461 1823 3514 καὶ
1862 3456 2145 3532 capanea.
2215 3464 2403 3527 Vides,
2441 3471 2567 3515 utra

294 3551 594 3619 explicatio
639 3553 817 3618 magis
863 3553 936 3602 sit
983 3551 1252 3616 quaesita.
1324 3551 1585 3602 Reiskius
1622 3555 1806 3600 autem
1840 3565 2039 3601 novam
2075 3551 2313 3600 invenit:
2370 3547 2567 3600 ‘Prae-

287 3637 396 3689 tuli
435 3629 867 3703 ἰαμβειοφάγος.
912 3653 1072 3703 quam
1108 3636 1552 3687 terminationem
1588 3627 1817 3701 (φάγος)
1856 3633 2062 3686 addunt
2083 3632 2371 3686 vocabulis
2393 3635 2568 3700 signi-

293 3721 464 3773 ficare
510 3721 761 3773 volentes
810 3737 978 3784 eum,
1027 3721 1138 3787 qui
1183 3737 1314 3772 rem
1353 3722 1631 3772 assidue
1668 3725 1936 3771 tractat
1972 3735 2182 3785 eaque
2222 3721 2565 3772 exsatiari

293 3859 567 3924 nequit.’
641 3857 1032 3923 compendium
1091 3857 1351 3908 vocabuli
1411 3848 1805 3922 ἰαμβογράφος
1865 3860 1951 3906 est
2003 3807 2111 3922 ἰαβ
2158 3856 2279 3906 sine
2334 3859 2568 3908 accentu

295 3941 452 4059 (ἴαβ,
493 3999 550 4042 et
587 3941 692 4058 hig
739 3999 824 4044 est
870 3993 1252 4059 compendium
1300 4009 1524 4044 casuum
1562 3989 1790 4056 ἴαμβος,
1838 3983 2051 4059 ἰάμβου
2096 3991 2226 4056 etc.)
2296 3991 2417 4044 vid.
2453 3991 2562 4056 Ap-

291 4077 454 4143 pend.
506 4076 574 4127 ad
611 4077 766 4128 Bast.
805 4079 982 4144 Epist.
1020 4079 1152 4130 Crit.
1199 4095 1250 4144 p.
1285 4077 1353 4130 53
1390 4082 1446 4128 et
1480 4077 1633 4127 Bast.
1693 4077 1991 4128 Comment.
2026 4077 2319 4141 Palaeogr.
2356 4092 2408 4140 p.
2444 4073 2565 4126 813.

293 4162 403 4214 Sed
440 4153 807 4230 ἰαμβοφάγος
843 4164 1121 4214 veteribus
1157 4164 1462 4214 inauditum
1487 4163 1817 4214 vocabulum
1841 4167 2015 4213 ortum
2042 4177 2165 4212 esse
2192 4160 2325 4210 mihi
2348 4159 2567 4208 videtur

295 4263 324 4297 e
362 4249 720 4299 similitudine
759 4247 1040 4300 literarum
1079 4249 1126 4300 Φ
1161 4257 1218 4299 et
1255 4265 1321 4314 γρ
1359 4251 1586 4314 antiqno
1622 4253 1883 4314 tempore.
1960 4244 2042 4308 15)
2080 4235 2409 4309 otid’Augl.
2444 4242 2495 4292 k.
2520 4257 2565 4294 ε.

293 4332 490 4384 vindl.
563 4332 648 4396 16)
687 4327 954 4400 αἰσχίνου
990 4333 1090 4384 cod
1126 4347 1172 4384 ε.
1247 4333 1329 4397 17)
1365 4324 1510 4399 ὑπὲρ
1548 4331 1615 4384 Σ.
1640 4331 1848 4384 Laui-S.
1888 4329 2125 4393 (Vindl).
2160 4329 2294 4380 Post
2317 4327 2567 4380 vocalem

295 4424 446 4470 amat
480 4419 700 4483 quidem
735 4421 893 4470 Dem.
931 4415 1076 4484 περὶ.
1149 4419 1234 4468 Cf.
1272 4418 1527 4484 Prolegg.
1569 4419 1807 4470 Gramm.
1844 4417 1891 4476 §-
1933 4412 2031 4464 100
2062 4429 2115 4478 p.
2158 4413 2255 4464 116
2278 4428 2398 4478 sqq.
