<?xml version="1.0" encoding="UTF-8"?>
<!DOCTYPE html PUBLIC "-//W3C//DTD XHTML 1.0 Transitional//EN"
    "http://www.w3.org/TR/xhtml1/DTD/xhtml1-transitional.dtd">
<html xmlns="http://www.w3.org/1999/xhtml" xml:lang="en" lang="en">
 <head>
  <title>
</title>
<meta http-equiv="Content-Type" content="text/html;charset=utf-8" />
  <meta name='ocr-system' content='tesseract 3.04.00' />
  <meta name='ocr-capabilities' content='ocr_page ocr_carea ocr_par ocr_line ocrx_word'/>
</head>
<body>
  <div class='ocr_page' id='page_1' title='image "./decoronaetdefal00voemgoog_0110.png"; bbox 0 0 3084 4938; ppageno 0'>
   <div class='ocr_carea' id='block_1_1' title="bbox 578 332 2276 395">
    <p class='ocr_par' dir='ltr' id='par_1_1' title="bbox 578 332 2276 395">
     <span class='ocr_line' id='line_1_1' title="bbox 578 332 2276 395; baseline -0.005 -3"><span class='ocrx_word' id='word_1_1' title='bbox 578 332 661 395; x_wconf 82' lang='lat'><strong>76</strong></span> <span class='ocrx_word' id='word_1_2' title='bbox 1164 344 1604 389; x_wconf 66' lang='lat' dir='ltr'><strong>nexos‘runms</strong></span> <span class='ocrx_word' id='word_1_3' title='bbox 1637 344 1866 387; x_wconf 68' lang='lat' dir='ltr'><strong>ona&#39;rto</strong></span> <span class='ocrx_word' id='word_1_4' title='bbox 1897 344 1982 391; x_wconf 72' lang='lat' dir='ltr'><strong>ne</strong></span> <span class='ocrx_word' id='word_1_5' title='bbox 2015 342 2276 387; x_wconf 67' lang='lat' dir='ltr'><strong>cenom..</strong></span> 
     </span>
    </p>
   </div>
   <div class='ocr_carea' id='block_1_2' title="bbox 574 490 2906 1000">
    <p class='ocr_par' dir='ltr' id='par_1_2' title="bbox 574 490 2906 1000">
     <span class='ocr_line' id='line_1_2' title="bbox 579 490 2906 589; baseline -0.002 -17"><span class='ocrx_word' id='word_1_6' title='bbox 579 504 707 573; x_wconf 72' lang='grc' dir='ltr'><strong>καὶ,</strong></span> <span class='ocrx_word' id='word_1_7' title='bbox 736 504 967 585; x_wconf 83' lang='grc' dir='ltr'><strong><em>ξενίαν</em></strong></span> <span class='ocrx_word' id='word_1_8' title='bbox 1012 496 1225 589; x_wconf 75' lang='grc' dir='ltr'><em>αὐτὴν</em></span> <span class='ocrx_word' id='word_1_9' title='bbox 1259 497 1598 589; x_wconf 75' lang='grc' dir='ltr'><em>ὀνομάζει,</em></span> <span class='ocrx_word' id='word_1_10' title='bbox 1647 492 1799 570; x_wconf 67' lang='grc' dir='ltr'><strong>καὶ2</strong></span> <span class='ocrx_word' id='word_1_11' title='bbox 1832 500 1963 569; x_wconf 82' lang='grc' dir='ltr'><strong>νῦν</strong></span> <span class='ocrx_word' id='word_1_12' title='bbox 2001 496 2150 569; x_wconf 79' lang='grc' dir='ltr'><em>εἶπέ</em></span> <span class='ocrx_word' id='word_1_13' title='bbox 2179 490 2346 568; x_wconf 70' lang='grc' dir='ltr'><strong>σιτου3</strong></span> <span class='ocrx_word' id='word_1_14' title='bbox 2382 498 2596 585; x_wconf 73' lang='grc' dir='ltr'><em>λέγων</em></span> <span class='ocrx_word' id='word_1_15' title='bbox 2623 492 2708 569; x_wconf 64' lang='grc' dir='ltr'><strong>’ὅ</strong></span> <span class='ocrx_word' id='word_1_16' title='bbox 2753 494 2906 587; x_wconf 74' lang='grc' dir='ltr'><strong>τὴν</strong></span> 
     </span>
     <span class='ocr_line' id='line_1_3' title="bbox 574 594 2900 693; baseline -0.002 -18"><span class='ocrx_word' id='word_1_17' title='bbox 574 599 1012 693; x_wconf 74' lang='grc' dir='ltr'><strong><em>Ἀλεξάνδρου</em></strong></span> <span class='ocrx_word' id='word_1_18' title='bbox 1059 598 1323 687; x_wconf 68' lang='grc' dir='ltr'><strong>ξενίαν4</strong></span> <span class='ocrx_word' id='word_1_19' title='bbox 1355 598 1700 687; x_wconf 79' lang='grc' dir='ltr'><em>ὀνειδίζων</em></span> <span class='ocrx_word' id='word_1_20' title='bbox 1737 594 1965 690; x_wconf 65' lang='grc' dir='ltr'><strong>ἐμοί’5</strong></span> <span class='ocrx_word' id='word_1_21' title='bbox 2049 597 2177 688; x_wconf 68' lang='grc' dir='ltr'><strong>ἐγώ</strong></span> <span class='ocrx_word' id='word_1_22' title='bbox 2211 594 2353 670; x_wconf 67' lang='grc' dir='ltr'><strong>σοι(ἰ</strong></span> <span class='ocrx_word' id='word_1_23' title='bbox 2387 594 2652 683; x_wconf 68' lang='grc' dir='ltr'><em>ξενίαν7</em></span> <span class='ocrx_word' id='word_1_24' title='bbox 2685 596 2900 671; x_wconf 80' lang='grc' dir='ltr'><em>Ἀλε-</em></span> 
     </span>
     <span class='ocr_line' id='line_1_4' title="bbox 578 695 2898 796; baseline -0.001 -21"><span class='ocrx_word' id='word_1_25' title='bbox 578 705 903 796; x_wconf 70' lang='grc' dir='ltr'><em>ξάνδρους</em></span> <span class='ocrx_word' id='word_1_26' title='bbox 951 704 1166 776; x_wconf 80' lang='grc' dir='ltr'><em>πόθεν</em></span> <span class='ocrx_word' id='word_1_27' title='bbox 1212 702 1517 793; x_wconf 79' lang='grc' dir='ltr'><em>λαβόντι,</em></span> <span class='ocrx_word' id='word_1_28' title='bbox 1567 698 1610 793; x_wconf 80' lang='grc' dir='ltr'><em>ἢ</em></span> <span class='ocrx_word' id='word_1_29' title='bbox 1655 706 1797 783; x_wconf 73' lang='grc' dir='ltr'><strong>πῶς</strong></span> <span class='ocrx_word' id='word_1_30' title='bbox 1843 695 2269 788; x_wconf 71' lang='grc' dir='ltr'><strong>ἄξιωθέντις8</strong></span> <span class='ocrx_word' id='word_1_31' title='bbox 2315 698 2470 772; x_wconf 81' lang='grc' dir='ltr'><em>οὔτε</em></span> <span class='ocrx_word' id='word_1_32' title='bbox 2515 696 2898 773; x_wconf 75' lang='grc' dir='ltr'><em>Φιλίππού</em></span> 
     </span>
     <span class='ocr_line' id='line_1_5' title="bbox 579 797 2894 896; baseline -0.002 -18"><span class='ocrx_word' id='word_1_33' title='bbox 579 800 805 892; x_wconf 70' lang='grc' dir='ltr'><strong>ξίνον9</strong></span> <span class='ocrx_word' id='word_1_34' title='bbox 838 803 961 878; x_wconf 78' lang='grc' dir='ltr'><em>οὔτ</em></span> <span class='ocrx_word' id='word_1_35' title='bbox 968 803 1447 896; x_wconf 70' lang='grc' dir='ltr'><em>’Ἀλεξάνδρου</em></span> <span class='ocrx_word' id='word_1_36' title='bbox 1481 798 1748 895; x_wconf 77' lang='grc' dir='ltr'><strong>φίλονιο</strong></span> <span class='ocrx_word' id='word_1_37' title='bbox 1785 799 2030 892; x_wconf 73' lang='grc' dir='ltr'><em>εἴποιμ’</em></span> <span class='ocrx_word' id='word_1_38' title='bbox 2057 832 2144 874; x_wconf 88' lang='grc' dir='ltr'><strong>αν</strong></span> <span class='ocrx_word' id='word_1_39' title='bbox 2181 801 2311 892; x_wconf 76' lang='grc' dir='ltr'><strong>ἐγω</strong></span> <span class='ocrx_word' id='word_1_40' title='bbox 2345 797 2494 893; x_wconf 81' lang='grc' dir='ltr'><strong>σε,11</strong></span> <span class='ocrx_word' id='word_1_41' title='bbox 2521 799 2649 893; x_wconf 73' lang='grc' dir='ltr'><em>οὐχ</em></span> <span class='ocrx_word' id='word_1_42' title='bbox 2685 800 2894 875; x_wconf 77' lang='grc' dir='ltr'><em>οὕτω</em></span> 
     </span>
     <span class='ocr_line' id='line_1_6' title="bbox 578 902 2900 1000; baseline -0.002 -21"><span class='ocrx_word' id='word_1_43' title='bbox 578 917 929 1000; x_wconf 82' lang='grc' dir='ltr'><em>μαίνομαι,</em></span> <span class='ocrx_word' id='word_1_44' title='bbox 983 916 1047 979; x_wconf 79' lang='grc' dir='ltr'><em>εί</em></span> <span class='ocrx_word' id='word_1_45' title='bbox 1088 906 1178 999; x_wconf 84' lang='grc' dir='ltr'><strong>μὴ</strong></span> <span class='ocrx_word' id='word_1_46' title='bbox 1223 911 1333 979; x_wconf 79' lang='grc' dir='ltr'><strong>καὶ</strong></span> <span class='ocrx_word' id='word_1_47' title='bbox 1380 904 1536 989; x_wconf 80' lang='grc' dir='ltr'><strong>τούς</strong></span> <span class='ocrx_word' id='word_1_48' title='bbox 1581 902 1896 998; x_wconf 76' lang='grc' dir='ltr'><em>θεριστὰς</em></span> <span class='ocrx_word' id='word_1_49' title='bbox 1942 907 2052 975; x_wconf 83' lang='grc' dir='ltr'><strong>καὶ</strong></span> <span class='ocrx_word' id='word_1_50' title='bbox 2099 903 2254 987; x_wconf 79' lang='grc' dir='ltr'><strong>τούς</strong></span> <span class='ocrx_word' id='word_1_51' title='bbox 2301 902 2462 976; x_wconf 74' lang='grc' dir='ltr'><em>ἄλλο’</em></span> <span class='ocrx_word' id='word_1_52' title='bbox 2504 933 2568 975; x_wconf 81' lang='grc' dir='ltr'><strong>τι</strong></span> <span class='ocrx_word' id='word_1_53' title='bbox 2603 910 2900 996; x_wconf 77' lang='grc' dir='ltr'>μισθοῦ</span> 
     </span>
    </p>
   </div>
   <div class='ocr_carea' id='block_1_3' title="bbox 580 1108 2888 1442">
    <p class='ocr_par' dir='ltr' id='par_1_3' title="bbox 580 1108 2888 1442">
     <span class='ocr_line' id='line_1_7' title="bbox 580 1108 2888 1188; baseline -0 -17"><span class='ocrx_word' id='word_1_54' title='bbox 580 1114 983 1171; x_wconf 77' lang='lat' dir='ltr'><strong>mercenariam.</strong></span> <span class='ocrx_word' id='word_1_55' title='bbox 1060 1108 1164 1188; x_wconf 87' lang='lat'>(51)</span> <span class='ocrx_word' id='word_1_56' title='bbox 1210 1129 1517 1187; x_wconf 79' lang='lat' dir='ltr'><strong>quanquam</strong></span> <span class='ocrx_word' id='word_1_57' title='bbox 1559 1128 1675 1169; x_wconf 81' lang='lat' dir='ltr'><strong>eam</strong></span> <span class='ocrx_word' id='word_1_58' title='bbox 1718 1113 1836 1186; x_wconf 82' lang='lat' dir='ltr'><strong>ipse</strong></span> <span class='ocrx_word' id='word_1_59' title='bbox 1865 1112 2150 1167; x_wconf 79' lang='lat' dir='ltr'><strong>amicitiam</strong></span> <span class='ocrx_word' id='word_1_60' title='bbox 2183 1119 2239 1167; x_wconf 81' lang='lat' dir='ltr'><strong>et</strong></span> <span class='ocrx_word' id='word_1_61' title='bbox 2266 1109 2564 1185; x_wconf 85' lang='lat' dir='ltr'><strong>hospitium</strong></span> <span class='ocrx_word' id='word_1_62' title='bbox 2595 1113 2888 1172; x_wconf 79' lang='lat' dir='ltr'><strong>nominat,</strong></span> 
     </span>
     <span class='ocr_line' id='line_1_8' title="bbox 580 1190 2888 1271; baseline -0.001 -17"><span class='ocrx_word' id='word_1_63' title='bbox 580 1206 744 1271; x_wconf 80' lang='lat' dir='ltr'><strong>atque</strong></span> <span class='ocrx_word' id='word_1_64' title='bbox 786 1214 930 1254; x_wconf 85' lang='lat' dir='ltr'><strong>nunc</strong></span> <span class='ocrx_word' id='word_1_65' title='bbox 974 1197 1167 1254; x_wconf 78' lang='lat' dir='ltr'><strong>alicubi</strong></span> <span class='ocrx_word' id='word_1_66' title='bbox 1211 1198 1341 1253; x_wconf 82' lang='lat' dir='ltr'><strong>dixit</strong></span> <span class='ocrx_word' id='word_1_67' title='bbox 1384 1197 1469 1253; x_wconf 89' lang='lat' dir='ltr'><strong>his</strong></span> <span class='ocrx_word' id='word_1_68' title='bbox 1512 1196 1690 1253; x_wconf 85' lang='lat' dir='ltr'><strong>verbis</strong></span> <span class='ocrx_word' id='word_1_69' title='bbox 1721 1204 1912 1253; x_wconf 86' lang='lat' dir='ltr'><strong>utens:</strong></span> <span class='ocrx_word' id='word_1_70' title='bbox 1957 1190 2040 1251; x_wconf 78' lang='lat' dir='ltr'><strong>‘ls</strong></span> <span class='ocrx_word' id='word_1_71' title='bbox 2073 1196 2166 1269; x_wconf 90' lang='lat' dir='ltr'><strong>qui</strong></span> <span class='ocrx_word' id='word_1_72' title='bbox 2196 1194 2326 1251; x_wconf 89' lang='lat' dir='ltr'><strong>mihi</strong></span> <span class='ocrx_word' id='word_1_73' title='bbox 2356 1194 2644 1251; x_wconf 75' lang='lat' dir='ltr'><strong>Alexandri</strong></span> <span class='ocrx_word' id='word_1_74' title='bbox 2674 1196 2888 1269; x_wconf 87' lang='lat' dir='ltr'><strong>hospi-</strong></span> 
     </span>
     <span class='ocr_line' id='line_1_9' title="bbox 582 1279 2886 1356; baseline -0.002 -17"><span class='ocrx_word' id='word_1_75' title='bbox 582 1284 715 1339; x_wconf 81' lang='lat' dir='ltr'><strong>tium</strong></span> <span class='ocrx_word' id='word_1_76' title='bbox 758 1280 1093 1356; x_wconf 65' lang='lat' dir='ltr'><strong>exprobrat?</strong></span> <span class='ocrx_word' id='word_1_77' title='bbox 1164 1282 1277 1355; x_wconf 84' lang='lat' dir='ltr'><strong>Ego</strong></span> <span class='ocrx_word' id='word_1_78' title='bbox 1322 1282 1417 1338; x_wconf 83' lang='lat' dir='ltr'><strong>tibi</strong></span> <span class='ocrx_word' id='word_1_79' title='bbox 1461 1282 1761 1356; x_wconf 80' lang='lat' dir='ltr'>hospitium</span> <span class='ocrx_word' id='word_1_80' title='bbox 1801 1280 2132 1337; x_wconf 79' lang='lat' dir='ltr'><strong>Alexandri?</strong></span> <span class='ocrx_word' id='word_1_81' title='bbox 2205 1280 2346 1335; x_wconf 89' lang='lat' dir='ltr'><strong>unde</strong></span> <span class='ocrx_word' id='word_1_82' title='bbox 2391 1279 2442 1336; x_wconf 91' lang='lat' dir='ltr'><strong>id</strong></span> <span class='ocrx_word' id='word_1_83' title='bbox 2483 1279 2580 1335; x_wconf 78' lang='lat' dir='ltr'><strong>tihi</strong></span> <span class='ocrx_word' id='word_1_84' title='bbox 2623 1282 2886 1352; x_wconf 83' lang='lat' dir='ltr'><strong>contigit</strong></span> 
     </span>
     <span class='ocr_line' id='line_1_10' title="bbox 582 1364 2882 1442; baseline -0.001 -19"><span class='ocrx_word' id='word_1_85' title='bbox 582 1374 676 1425; x_wconf 80' lang='lat' dir='ltr'><strong>aut</strong></span> <span class='ocrx_word' id='word_1_86' title='bbox 704 1385 811 1441; x_wconf 78' lang='lat' dir='ltr'><strong>qua</strong></span> <span class='ocrx_word' id='word_1_87' title='bbox 840 1367 1103 1439; x_wconf 79' lang='lat' dir='ltr'><strong>dignitate</strong></span> <span class='ocrx_word' id='word_1_88' title='bbox 1133 1384 1193 1423; x_wconf 88' lang='lat' dir='ltr'><strong>es</strong></span> <span class='ocrx_word' id='word_1_89' title='bbox 1225 1368 1517 1442; x_wconf 81' lang='lat' dir='ltr'><strong>receptus?</strong></span> <span class='ocrx_word' id='word_1_90' title='bbox 1588 1382 1766 1440; x_wconf 86' lang='lat' dir='ltr'><strong>neque</strong></span> <span class='ocrx_word' id='word_1_91' title='bbox 1796 1364 2028 1439; x_wconf 87' lang='lat' dir='ltr'><strong>Philippi</strong></span> <span class='ocrx_word' id='word_1_92' title='bbox 2060 1365 2333 1439; x_wconf 86' lang='lat' dir='ltr'>hospitem</span> <span class='ocrx_word' id='word_1_93' title='bbox 2363 1381 2541 1437; x_wconf 87' lang='lat' dir='ltr'><strong>neque</strong></span> <span class='ocrx_word' id='word_1_94' title='bbox 2571 1364 2882 1421; x_wconf 80' lang='lat' dir='ltr'><strong>Alexandri</strong></span> 
     </span>
    </p>
   </div>
   <div class='ocr_carea' id='block_1_4' title="bbox 588 1500 627 1507">
    <p class='ocr_par' dir='ltr' id='par_1_4' title="bbox 588 1500 627 1507">
     <span class='ocr_line' id='line_1_11' title="bbox 588 1500 627 1507; baseline -0.051 0"><span class='ocrx_word' id='word_1_95' title='bbox 588 1500 627 1507; x_wconf 69' lang='lat'><strong>..-</strong></span> 
     </span>
    </p>
   </div>
   <div class='ocr_carea' id='block_1_5' title="bbox 631 1500 846 1507">
    <p class='ocr_par' dir='ltr' id='par_1_5' title="bbox 631 1500 846 1507">
     <span class='ocr_line' id='line_1_12' title="bbox 631 1500 846 1507; baseline 0 0"><span class='ocrx_word' id='word_1_96' title='bbox 631 1500 846 1507; x_wconf 95' lang='lat' dir='ltr'><strong> </strong></span> 
     </span>
    </p>
   </div>
   <div class='ocr_carea' id='block_1_6' title="bbox 524 1560 2880 4412">
    <p class='ocr_par' dir='ltr' id='par_1_6' title="bbox 524 1560 2880 4412">
     <span class='ocr_line' id='line_1_13' title="bbox 580 1560 2879 1632; baseline -0.002 -14"><span class='ocrx_word' id='word_1_97' title='bbox 580 1567 717 1618; x_wconf 81' lang='lat' dir='ltr'><strong>Bav.</strong></span> <span class='ocrx_word' id='word_1_98' title='bbox 756 1564 886 1632; x_wconf 87' lang='lat' dir='ltr'><strong>(non</strong></span> <span class='ocrx_word' id='word_1_99' title='bbox 924 1568 1055 1617; x_wconf 89' lang='lat' dir='ltr'><strong>item</strong></span> <span class='ocrx_word' id='word_1_100' title='bbox 1091 1566 1177 1629; x_wconf 77' lang='lat' dir='ltr'><strong>F).</strong></span> <span class='ocrx_word' id='word_1_101' title='bbox 1215 1566 1387 1632; x_wconf 75' lang='lat' dir='ltr'><strong>Aug-l.</strong></span> <span class='ocrx_word' id='word_1_102' title='bbox 1424 1568 1475 1616; x_wconf 82' lang='lat'><strong>2.</strong></span> <span class='ocrx_word' id='word_1_103' title='bbox 1511 1566 1563 1615; x_wconf 86' lang='lat'><strong>4.</strong></span> <span class='ocrx_word' id='word_1_104' title='bbox 1599 1564 1650 1615; x_wconf 75' lang='lat' dir='ltr'><strong>k.</strong></span> <span class='ocrx_word' id='word_1_105' title='bbox 1687 1580 1730 1615; x_wconf 72' lang='grc' dir='ltr'><strong>ε.</strong></span> <span class='ocrx_word' id='word_1_106' title='bbox 1766 1580 1821 1630; x_wconf 89' lang='grc' dir='ltr'><strong>η.</strong></span> <span class='ocrx_word' id='word_1_107' title='bbox 1861 1563 2056 1614; x_wconf 87' lang='lat' dir='ltr'><strong>Viudl.</strong></span> <span class='ocrx_word' id='word_1_108' title='bbox 2079 1564 2132 1613; x_wconf 72' lang='lat'><strong>4.</strong></span> <span class='ocrx_word' id='word_1_109' title='bbox 2171 1560 2447 1627; x_wconf 63' lang='lat' dir='ltr'><strong>(Vindw).</strong></span> <span class='ocrx_word' id='word_1_110' title='bbox 2490 1586 2546 1597; x_wconf 89' lang='lat'>—</span> <span class='ocrx_word' id='word_1_111' title='bbox 2586 1578 2678 1613; x_wconf 85' lang='lat' dir='ltr'><strong>om</strong></span> <span class='ocrx_word' id='word_1_112' title='bbox 2707 1562 2879 1613; x_wconf 70' lang='lat' dir='ltr'><strong>Pal-2.</strong></span> 
     </span>
     <span class='ocr_line' id='line_1_14' title="bbox 580 1640 2880 1717; baseline -0.002 -16"><span class='ocrx_word' id='word_1_113' title='bbox 580 1651 765 1703; x_wconf 88' lang='lat' dir='ltr'><strong>Tiber.</strong></span> <span class='ocrx_word' id='word_1_114' title='bbox 803 1652 905 1704; x_wconf 85' lang='lat' dir='ltr'><strong>Rh.</strong></span> <span class='ocrx_word' id='word_1_115' title='bbox 942 1652 1005 1702; x_wconf 91' lang='lat' dir='ltr'><strong>T.</strong></span> <span class='ocrx_word' id='word_1_116' title='bbox 1042 1652 1175 1702; x_wconf 90' lang='lat' dir='ltr'>VIII</span> <span class='ocrx_word' id='word_1_117' title='bbox 1209 1668 1262 1717; x_wconf 88' lang='lat' dir='ltr'><strong>p.</strong></span> <span class='ocrx_word' id='word_1_118' title='bbox 1299 1651 1415 1702; x_wconf 84' lang='lat'><strong>554.</strong></span> <span class='ocrx_word' id='word_1_119' title='bbox 1530 1648 1584 1715; x_wconf 85' lang='lat'><strong>2)</strong></span> <span class='ocrx_word' id='word_1_120' title='bbox 1620 1645 1720 1700; x_wconf 72' lang='grc' dir='ltr'><strong>καὶ</strong></span> <span class='ocrx_word' id='word_1_121' title='bbox 1757 1643 1812 1700; x_wconf 83' lang='grc' dir='ltr'><em>εί</em></span> <span class='ocrx_word' id='word_1_122' title='bbox 1845 1648 2017 1715; x_wconf 83' lang='lat' dir='ltr'><strong>Aug2.</strong></span> <span class='ocrx_word' id='word_1_123' title='bbox 2139 1646 2193 1713; x_wconf 82' lang='lat'><strong>3)</strong></span> <span class='ocrx_word' id='word_1_124' title='bbox 2233 1640 2292 1697; x_wconf 76' lang='grc' dir='ltr'><strong>εἴ</strong></span> <span class='ocrx_word' id='word_1_125' title='bbox 2322 1662 2434 1697; x_wconf 80' lang='grc' dir='ltr'><strong>πον</strong></span> <span class='ocrx_word' id='word_1_126' title='bbox 2469 1648 2553 1697; x_wconf 88' lang='lat' dir='ltr'><strong>sic</strong></span> <span class='ocrx_word' id='word_1_127' title='bbox 2589 1647 2733 1697; x_wconf 66' lang='lat' dir='ltr'><strong>Pale</strong></span> <span class='ocrx_word' id='word_1_128' title='bbox 2770 1664 2880 1713; x_wconf 82' lang='lat' dir='ltr'><strong>pro</strong></span> 
     </span>
     <span class='ocr_line' id='line_1_15' title="bbox 582 1722 2880 1802; baseline -0.002 -15"><span class='ocrx_word' id='word_1_129' title='bbox 582 1730 711 1788; x_wconf 76' lang='grc' dir='ltr'><strong>εἶπέ</strong></span> <span class='ocrx_word' id='word_1_130' title='bbox 745 1752 874 1789; x_wconf 71' lang='grc' dir='ltr'><em>που.</em></span> <span class='ocrx_word' id='word_1_131' title='bbox 978 1738 1033 1799; x_wconf 80' lang='lat'><strong>4)</strong></span> <span class='ocrx_word' id='word_1_132' title='bbox 1072 1736 1275 1802; x_wconf 89' lang='grc' dir='ltr'><em>φιλίαν</em></span> <span class='ocrx_word' id='word_1_133' title='bbox 1312 1734 1495 1786; x_wconf 78' lang='lat' dir='ltr'><strong>Guelf.</strong></span> <span class='ocrx_word' id='word_1_134' title='bbox 1535 1749 1580 1785; x_wconf 83' lang='grc' dir='ltr'><strong>ε.</strong></span> <span class='ocrx_word' id='word_1_135' title='bbox 1615 1734 1776 1787; x_wconf 78' lang='lat' dir='ltr'><strong>Harl.</strong></span> <span class='ocrx_word' id='word_1_136' title='bbox 1803 1732 1998 1784; x_wconf 89' lang='lat' dir='ltr'><strong>Vindl.</strong></span> <span class='ocrx_word' id='word_1_137' title='bbox 2103 1730 2156 1791; x_wconf 82' lang='lat'><strong>5)</strong></span> <span class='ocrx_word' id='word_1_138' title='bbox 2189 1723 2491 1793; x_wconf 74' lang='grc' dir='ltr'><em>ὀνειδίζων</em></span> <span class='ocrx_word' id='word_1_139' title='bbox 2528 1722 2658 1797; x_wconf 67' lang='grc' dir='ltr'><em>ἐμοὶ</em></span> <span class='ocrx_word' id='word_1_140' title='bbox 2689 1748 2782 1783; x_wconf 87' lang='lat' dir='ltr'><strong>om</strong></span> <span class='ocrx_word' id='word_1_141' title='bbox 2811 1748 2880 1797; x_wconf 88' lang='lat' dir='ltr'><strong>pr</strong></span> 
     </span>
     <span class='ocr_line' id='line_1_16' title="bbox 581 1808 2878 1888; baseline -0.002 -16"><span class='ocrx_word' id='word_1_142' title='bbox 581 1821 745 1885; x_wconf 85' lang='lat' dir='ltr'><strong>Pall,</strong></span> <span class='ocrx_word' id='word_1_143' title='bbox 790 1838 983 1888; x_wconf 77' lang='lat' dir='ltr'><strong>margo</strong></span> <span class='ocrx_word' id='word_1_144' title='bbox 1030 1820 1254 1872; x_wconf 85' lang='lat' dir='ltr'><strong>exhibet</strong></span> <span class='ocrx_word' id='word_1_145' title='bbox 1298 1825 1558 1885; x_wconf 86' lang='lat' dir='ltr'><strong>tanquam</strong></span> <span class='ocrx_word' id='word_1_146' title='bbox 1603 1823 1726 1883; x_wconf 87' lang='lat' dir='ltr'><strong>post</strong></span> <span class='ocrx_word' id='word_1_147' title='bbox 1769 1809 1800 1870; x_wconf 81' lang='grc' dir='ltr'><strong><em>ὁ</em></strong></span> <span class='ocrx_word' id='word_1_148' title='bbox 1837 1818 2148 1870; x_wconf 83' lang='lat' dir='ltr'><strong>inserenda.</strong></span> <span class='ocrx_word' id='word_1_149' title='bbox 2220 1817 2466 1867; x_wconf 73' lang='lat' dir='ltr'><strong>Pessime</strong></span> <span class='ocrx_word' id='word_1_150' title='bbox 2501 1815 2808 1867; x_wconf 82' lang='lat' dir='ltr'><strong>Harlesiue</strong></span> <span class='ocrx_word' id='word_1_151' title='bbox 2845 1808 2878 1867; x_wconf 83' lang='grc' dir='ltr'><strong><em>ὁ</em></strong></span> 
     </span>
     <span class='ocr_line' id='line_1_17' title="bbox 581 1892 2878 1973; baseline -0.003 -16"><span class='ocrx_word' id='word_1_152' title='bbox 581 1902 689 1973; x_wconf 80' lang='grc' dir='ltr'><strong>τὴν</strong></span> <span class='ocrx_word' id='word_1_153' title='bbox 718 1944 731 1957; x_wconf 95' lang='grc'><em>.</em></span> <span class='ocrx_word' id='word_1_154' title='bbox 758 1943 772 1957; x_wconf 83' lang='grc'><strong>.</strong></span> <span class='ocrx_word' id='word_1_155' title='bbox 800 1943 813 1956; x_wconf 92' lang='grc'><strong>.</strong></span> <span class='ocrx_word' id='word_1_156' title='bbox 846 1898 973 1970; x_wconf 67' lang='grc' dir='ltr'><em>ἐμοὶ</em></span> <span class='ocrx_word' id='word_1_157' title='bbox 1019 1905 1367 1970; x_wconf 84' lang='lat' dir='ltr'><strong>parenthesis</strong></span> <span class='ocrx_word' id='word_1_158' title='bbox 1412 1903 1585 1966; x_wconf 79' lang='lat' dir='ltr'><strong>sig-nie</strong></span> <span class='ocrx_word' id='word_1_159' title='bbox 1633 1902 2007 1953; x_wconf 78' lang='lat' dir='ltr'><strong>circumdedit.</strong></span> <span class='ocrx_word' id='word_1_160' title='bbox 2133 1899 2187 1964; x_wconf 84' lang='lat'><strong>6)</strong></span> <span class='ocrx_word' id='word_1_161' title='bbox 2239 1892 2346 1966; x_wconf 71' lang='grc' dir='ltr'><strong>ἐγὼ</strong></span> <span class='ocrx_word' id='word_1_162' title='bbox 2393 1896 2482 1952; x_wconf 74' lang='grc' dir='ltr'><em>σοὶ</em></span> <span class='ocrx_word' id='word_1_163' title='bbox 2527 1900 2878 1951; x_wconf 69' lang='lat' dir='ltr'><strong>Schaeferus</strong></span> 
     </span>
     <span class='ocr_line' id='line_1_18' title="bbox 584 1984 2870 2053; baseline -0.003 -12"><span class='ocrx_word' id='word_1_164' title='bbox 584 1990 893 2051; x_wconf 82' lang='lat' dir='ltr'><strong>scribebat,</strong></span> <span class='ocrx_word' id='word_1_165' title='bbox 944 2003 1269 2053; x_wconf 85' lang='lat' dir='ltr'><strong>quamquam</strong></span> <span class='ocrx_word' id='word_1_166' title='bbox 1314 1991 1425 2037; x_wconf 87' lang='lat' dir='ltr'><strong>iam</strong></span> <span class='ocrx_word' id='word_1_167' title='bbox 1472 1986 1687 2036; x_wconf 86' lang='lat' dir='ltr'><strong>Aldete.</strong></span> <span class='ocrx_word' id='word_1_168' title='bbox 1739 1987 1906 2036; x_wconf 89' lang='lat' dir='ltr'><strong>etiam</strong></span> <span class='ocrx_word' id='word_1_169' title='bbox 1951 1987 2213 2052; x_wconf 80' lang='lat' dir='ltr'><strong>Hermog.</strong></span> <span class='ocrx_word' id='word_1_170' title='bbox 2261 1986 2363 2036; x_wconf 80' lang='lat' dir='ltr'><strong>Rh.</strong></span> <span class='ocrx_word' id='word_1_171' title='bbox 2401 2002 2454 2051; x_wconf 86' lang='lat' dir='ltr'><strong>p.</strong></span> <span class='ocrx_word' id='word_1_172' title='bbox 2490 1984 2608 2035; x_wconf 78' lang='lat'><strong>340.</strong></span> <span class='ocrx_word' id='word_1_173' title='bbox 2671 1985 2870 2035; x_wconf 82' lang='lat' dir='ltr'><strong>Tiber.</strong></span> 
     </span>
     <span class='ocr_line' id='line_1_19' title="bbox 582 2065 2870 2137; baseline -0.003 -11"><span class='ocrx_word' id='word_1_174' title='bbox 582 2076 618 2126; x_wconf 88' lang='lat'><strong>1.</strong></span> <span class='ocrx_word' id='word_1_175' title='bbox 657 2090 707 2123; x_wconf 90' lang='lat' dir='ltr'><strong>c.</strong></span> <span class='ocrx_word' id='word_1_176' title='bbox 745 2065 853 2137; x_wconf 73' lang='grc' dir='ltr'><strong>ἐγώ</strong></span> <span class='ocrx_word' id='word_1_177' title='bbox 888 2085 992 2123; x_wconf 86' lang='grc' dir='ltr'><em>σοι.</em></span> <span class='ocrx_word' id='word_1_178' title='bbox 1064 2073 1269 2133; x_wconf 59' lang='lat' dir='ltr'><strong>Recte„</strong></span> <span class='ocrx_word' id='word_1_179' title='bbox 1326 2086 1455 2121; x_wconf 89' lang='lat' dir='ltr'><strong>nam</strong></span> <span class='ocrx_word' id='word_1_180' title='bbox 1503 2066 1736 2134; x_wconf 67' lang='grc' dir='ltr'><em>*φιλίαν</em></span> <span class='ocrx_word' id='word_1_181' title='bbox 1773 2076 1828 2120; x_wconf 85' lang='lat' dir='ltr'><strong>et</strong></span> <span class='ocrx_word' id='word_1_182' title='bbox 1864 2068 2038 2135; x_wconf 80' lang='grc' dir='ltr'><em>φίλον</em></span> <span class='ocrx_word' id='word_1_183' title='bbox 2074 2072 2154 2121; x_wconf 89' lang='lat' dir='ltr'><strong>rei</strong></span> <span class='ocrx_word' id='word_1_184' title='bbox 2191 2074 2518 2121; x_wconf 83' lang='lat' dir='ltr'><strong>momentum</strong></span> <span class='ocrx_word' id='word_1_185' title='bbox 2555 2072 2870 2129; x_wconf 77' lang='lat' dir='ltr'><strong>continent,</strong></span> 
     </span>
     <span class='ocr_line' id='line_1_20' title="bbox 584 2148 2868 2224; baseline -0.003 -16"><span class='ocrx_word' id='word_1_186' title='bbox 584 2172 909 2224; x_wconf 83' lang='lat' dir='ltr'><strong>quamquam</strong></span> <span class='ocrx_word' id='word_1_187' title='bbox 936 2192 948 2206; x_wconf 99' lang='lat'><strong>.</strong></span> <span class='ocrx_word' id='word_1_188' title='bbox 977 2192 990 2206; x_wconf 91' lang='lat'><strong>.</strong></span> <span class='ocrx_word' id='word_1_189' title='bbox 1019 2191 1033 2205; x_wconf 94' lang='lat'><strong>.</strong></span> <span class='ocrx_word' id='word_1_190' title='bbox 1057 2156 1346 2223; x_wconf 86' lang='lat' dir='ltr'><strong>praecedit</strong></span> <span class='ocrx_word' id='word_1_191' title='bbox 1383 2148 1548 2222; x_wconf 57' lang='lat' dir='ltr'><strong>spot!</strong></span> <span class='ocrx_word' id='word_1_192' title='bbox 1585 2153 2050 2206; x_wconf 83' lang='lat' dir='ltr'><strong>Funkhacnel.</strong></span> <span class='ocrx_word' id='word_1_193' title='bbox 2089 2156 2316 2217; x_wconf 80' lang='lat' dir='ltr'><strong>Quaest.</strong></span> <span class='ocrx_word' id='word_1_194' title='bbox 2355 2154 2511 2205; x_wconf 77' lang='lat' dir='ltr'><strong>Deru.</strong></span> <span class='ocrx_word' id='word_1_195' title='bbox 2538 2171 2591 2220; x_wconf 86' lang='lat' dir='ltr'><strong>p.</strong></span> <span class='ocrx_word' id='word_1_196' title='bbox 2617 2152 2703 2207; x_wconf 76' lang='lat'><strong>33.</strong></span> <span class='ocrx_word' id='word_1_197' title='bbox 2815 2154 2868 2215; x_wconf 90' lang='grc'><strong>7)</strong></span> 
     </span>
     <span class='ocr_line' id='line_1_21' title="bbox 524 2228 2872 2307; baseline -0.002 -14"><span class='ocrx_word' id='word_1_198' title='bbox 524 2284 538 2293; x_wconf 90' lang='grc'><strong>.</strong></span> <span class='ocrx_word' id='word_1_199' title='bbox 584 2239 787 2307; x_wconf 88' lang='grc' dir='ltr'><em>φιλίαν</em></span> <span class='ocrx_word' id='word_1_200' title='bbox 832 2240 1019 2291; x_wconf 86' lang='lat' dir='ltr'><strong>Tiber.</strong></span> <span class='ocrx_word' id='word_1_201' title='bbox 1068 2256 1112 2291; x_wconf 84' lang='grc' dir='ltr'><strong>ε.</strong></span> <span class='ocrx_word' id='word_1_202' title='bbox 1184 2238 1422 2293; x_wconf 60' lang='grc' dir='ltr'><em>(Φιλίαν</em></span> <span class='ocrx_word' id='word_1_203' title='bbox 1466 2240 1554 2292; x_wconf 82' lang='lat' dir='ltr'><strong>bis</strong></span> <span class='ocrx_word' id='word_1_204' title='bbox 1600 2240 1729 2305; x_wconf 88' lang='lat' dir='ltr'><strong>poni</strong></span> <span class='ocrx_word' id='word_1_205' title='bbox 1774 2240 1955 2305; x_wconf 81' lang='lat' dir='ltr'><strong>poscit</strong></span> <span class='ocrx_word' id='word_1_206' title='bbox 2001 2240 2143 2305; x_wconf 89' lang='lat' dir='ltr'><strong>qnod</strong></span> <span class='ocrx_word' id='word_1_207' title='bbox 2180 2256 2300 2290; x_wconf 84' lang='lat' dir='ltr'><strong>mox</strong></span> <span class='ocrx_word' id='word_1_208' title='bbox 2337 2239 2583 2304; x_wconf 83' lang='lat' dir='ltr'><strong>sequitur</strong></span> <span class='ocrx_word' id='word_1_209' title='bbox 2612 2228 2872 2302; x_wconf 76' lang='grc' dir='ltr'><em>Ἀλεξάν-</em></span> 
     </span>
     <span class='ocr_line' id='line_1_22' title="bbox 584 2314 2870 2390; baseline -0.002 -13"><span class='ocrx_word' id='word_1_210' title='bbox 584 2324 975 2390; x_wconf 49' lang='grc' dir='ltr'><em>δρου&lt;·φίλον.’</em></span> <span class='ocrx_word' id='word_1_211' title='bbox 1032 2324 1385 2377; x_wconf 82' lang='lat' dir='ltr'><strong>Schaefer.</strong></span> <span class='ocrx_word' id='word_1_212' title='bbox 1454 2326 1527 2375; x_wconf 80' lang='lat' dir='ltr'><strong>At</strong></span> <span class='ocrx_word' id='word_1_213' title='bbox 1578 2324 1688 2375; x_wconf 79' lang='lat' dir='ltr'><strong>vid.</strong></span> <span class='ocrx_word' id='word_1_214' title='bbox 1739 2328 1851 2375; x_wconf 87' lang='lat' dir='ltr'><strong>not.</strong></span> <span class='ocrx_word' id='word_1_215' title='bbox 1893 2322 1973 2374; x_wconf 89' lang='grc'><strong>10.</strong></span> <span class='ocrx_word' id='word_1_216' title='bbox 2110 2322 2163 2386; x_wconf 91' lang='lat'><strong>8)</strong></span> <span class='ocrx_word' id='word_1_217' title='bbox 2209 2315 2400 2375; x_wconf 80' lang='grc' dir='ltr'><em>πόθεν</em></span> <span class='ocrx_word' id='word_1_218' title='bbox 2425 2361 2438 2375; x_wconf 91' lang='grc'><strong>.</strong></span> <span class='ocrx_word' id='word_1_219' title='bbox 2468 2361 2480 2373; x_wconf 95' lang='grc'><strong><em>.</em></strong></span> <span class='ocrx_word' id='word_1_220' title='bbox 2510 2359 2523 2373; x_wconf 94' lang='grc'><strong>.</strong></span> <span class='ocrx_word' id='word_1_221' title='bbox 2547 2314 2870 2387; x_wconf 67' lang='grc' dir='ltr'><em>ἀξιωθέντι</em></span> 
     </span>
     <span class='ocr_line' id='line_1_23' title="bbox 582 2404 2871 2478; baseline -0.003 -16"><span class='ocrx_word' id='word_1_222' title='bbox 582 2428 667 2462; x_wconf 91' lang='lat' dir='ltr'><strong>om</strong></span> <span class='ocrx_word' id='word_1_223' title='bbox 692 2412 881 2463; x_wconf 84' lang='lat' dir='ltr'><strong>Tiber.</strong></span> <span class='ocrx_word' id='word_1_224' title='bbox 982 2410 1039 2476; x_wconf 84' lang='lat'><strong>9)</strong></span> <span class='ocrx_word' id='word_1_225' title='bbox 1079 2404 1255 2474; x_wconf 75' lang='grc' dir='ltr'><em>ξένων</em></span> <span class='ocrx_word' id='word_1_226' title='bbox 1280 2410 1381 2461; x_wconf 88' lang='lat' dir='ltr'><strong>Ald</strong></span> <span class='ocrx_word' id='word_1_227' title='bbox 1420 2424 1603 2462; x_wconf 86' lang='lat' dir='ltr'><strong>errore</strong></span> <span class='ocrx_word' id='word_1_228' title='bbox 1639 2416 1852 2478; x_wconf 79' lang='lat' dir='ltr'><strong>typogr.</strong></span> <span class='ocrx_word' id='word_1_229' title='bbox 1967 2406 2045 2472; x_wconf 83' lang='lat'><strong>10)</strong></span> <span class='ocrx_word' id='word_1_230' title='bbox 2085 2408 2374 2459; x_wconf 77' lang='lat' dir='ltr'><strong>‘Fortasse</strong></span> <span class='ocrx_word' id='word_1_231' title='bbox 2411 2407 2708 2458; x_wconf 77' lang='lat' dir='ltr'><strong>mutandae</strong></span> <span class='ocrx_word' id='word_1_232' title='bbox 2736 2410 2871 2458; x_wconf 83' lang='lat' dir='ltr'><strong>sunt</strong></span> 
     </span>
     <span class='ocr_line' id='line_1_24' title="bbox 582 2485 2869 2558; baseline -0.002 -10"><span class='ocrx_word' id='word_1_233' title='bbox 582 2497 743 2548; x_wconf 77' lang='lat' dir='ltr'><strong>sedes</strong></span> <span class='ocrx_word' id='word_1_234' title='bbox 780 2497 887 2546; x_wconf 81' lang='lat' dir='ltr'><strong>sic:</strong></span> <span class='ocrx_word' id='word_1_235' title='bbox 927 2485 1058 2548; x_wconf 73' lang='grc' dir='ltr'><em>οὔτε</em></span> <span class='ocrx_word' id='word_1_236' title='bbox 1096 2495 1384 2548; x_wconf 79' lang='grc' dir='ltr'><em>Φιλίππου</em></span> <span class='ocrx_word' id='word_1_237' title='bbox 1422 2495 1638 2558; x_wconf 86' lang='grc' dir='ltr'><em>φίλον</em></span> <span class='ocrx_word' id='word_1_238' title='bbox 1673 2486 2187 2558; x_wconf 73' lang='grc' dir='ltr'><em>οὔτ”Αλεξοένδρου</em></span> <span class='ocrx_word' id='word_1_239' title='bbox 2223 2488 2452 2556; x_wconf 77' lang='grc' dir='ltr'><em>ξένον,</em></span> <span class='ocrx_word' id='word_1_240' title='bbox 2490 2499 2551 2543; x_wconf 97' lang='grc' dir='ltr'><strong>ιιι</strong></span> <span class='ocrx_word' id='word_1_241' title='bbox 2585 2493 2696 2543; x_wconf 82' lang='lat' dir='ltr'><strong>sibi</strong></span> <span class='ocrx_word' id='word_1_242' title='bbox 2731 2509 2869 2544; x_wconf 89' lang='lat' dir='ltr'><strong>con-</strong></span> 
     </span>
     <span class='ocr_line' id='line_1_25' title="bbox 581 2577 2866 2647; baseline -0.002 -15"><span class='ocrx_word' id='word_1_243' title='bbox 581 2585 692 2632; x_wconf 80' lang='lat' dir='ltr'><strong>stet</strong></span> <span class='ocrx_word' id='word_1_244' title='bbox 726 2581 985 2644; x_wconf 88' lang='lat' dir='ltr'><strong>obiectio,</strong></span> <span class='ocrx_word' id='word_1_245' title='bbox 1024 2597 1163 2647; x_wconf 86' lang='lat' dir='ltr'><strong>quae</strong></span> <span class='ocrx_word' id='word_1_246' title='bbox 1203 2585 1323 2633; x_wconf 83' lang='lat' dir='ltr'><strong>erat</strong></span> <span class='ocrx_word' id='word_1_247' title='bbox 1346 2579 1508 2644; x_wconf 81' lang='grc' dir='ltr'><em>ξενία</em></span> <span class='ocrx_word' id='word_1_248' title='bbox 1531 2581 1846 2642; x_wconf 77' lang='lat' dir='ltr'><strong>Alexandri,</strong></span> <span class='ocrx_word' id='word_1_249' title='bbox 1884 2595 1994 2630; x_wconf 87' lang='lat' dir='ltr'><strong>non</strong></span> <span class='ocrx_word' id='word_1_250' title='bbox 2019 2577 2226 2643; x_wconf 63' lang='lat' dir='ltr'><strong>(ptum)</strong></span> <span class='ocrx_word' id='word_1_251' title='bbox 2263 2577 2725 2630; x_wconf 85' lang='lat' dir='ltr'><strong>Marklandns.</strong></span> <span class='ocrx_word' id='word_1_252' title='bbox 2797 2579 2866 2630; x_wconf 86' lang='lat' dir='ltr'><strong>In</strong></span> 
     </span>
     <span class='ocr_line' id='line_1_26' title="bbox 584 2663 2866 2725; baseline -0.002 -9"><span class='ocrx_word' id='word_1_253' title='bbox 584 2665 764 2717; x_wconf 87' lang='lat' dir='ltr'><strong>altera</strong></span> <span class='ocrx_word' id='word_1_254' title='bbox 802 2665 1042 2718; x_wconf 83' lang='lat' dir='ltr'><strong>editione</strong></span> <span class='ocrx_word' id='word_1_255' title='bbox 1066 2666 1507 2717; x_wconf 86' lang='lat' dir='ltr'><strong>Wunderlichins</strong></span> <span class='ocrx_word' id='word_1_256' title='bbox 1533 2671 1756 2715; x_wconf 83' lang='lat' dir='ltr'><strong>secutus</strong></span> <span class='ocrx_word' id='word_1_257' title='bbox 1783 2668 1884 2714; x_wconf 87' lang='lat' dir='ltr'><strong>est.</strong></span> <span class='ocrx_word' id='word_1_258' title='bbox 1955 2663 2162 2712; x_wconf 80' lang='lat' dir='ltr'><strong>Postea</strong></span> <span class='ocrx_word' id='word_1_259' title='bbox 2186 2663 2476 2714; x_wconf 72' lang='lat' dir='ltr'><strong>Disaenius</strong></span> <span class='ocrx_word' id='word_1_260' title='bbox 2499 2663 2609 2712; x_wconf 85' lang='lat' dir='ltr'><strong>sic:</strong></span> <span class='ocrx_word' id='word_1_261' title='bbox 2650 2665 2665 2688; x_wconf 89' lang='lat'>‘</span> <span class='ocrx_word' id='word_1_262' title='bbox 2683 2663 2866 2725; x_wconf 80' lang='lat' dir='ltr'><strong>Quum</strong></span> 
     </span>
     <span class='ocr_line' id='line_1_27' title="bbox 584 2739 2858 2818; baseline -0.002 -16"><span class='ocrx_word' id='word_1_263' title='bbox 584 2751 650 2802; x_wconf 90' lang='lat' dir='ltr'><strong>de</strong></span> <span class='ocrx_word' id='word_1_264' title='bbox 698 2748 859 2818; x_wconf 75' lang='grc' dir='ltr'><em>ξενίᾳ</em></span> <span class='ocrx_word' id='word_1_265' title='bbox 889 2742 1256 2816; x_wconf 76' lang='grc' dir='ltr'><em>Ἀλεξάνδρου</em></span> <span class='ocrx_word' id='word_1_266' title='bbox 1292 2751 1449 2802; x_wconf 88' lang='lat' dir='ltr'><strong>modo</strong></span> <span class='ocrx_word' id='word_1_267' title='bbox 1486 2750 1692 2800; x_wconf 87' lang='lat' dir='ltr'><strong>dictum</strong></span> <span class='ocrx_word' id='word_1_268' title='bbox 1729 2749 1804 2798; x_wconf 84' lang='lat' dir='ltr'><strong>sit</strong></span> <span class='ocrx_word' id='word_1_269' title='bbox 1838 2749 1925 2798; x_wconf 83' lang='lat' dir='ltr'><strong>bie</strong></span> <span class='ocrx_word' id='word_1_270' title='bbox 1963 2753 2022 2798; x_wconf 87' lang='lat' dir='ltr'><strong>et</strong></span> <span class='ocrx_word' id='word_1_271' title='bbox 2055 2751 2250 2813; x_wconf 78' lang='lat' dir='ltr'><strong>postea</strong></span> <span class='ocrx_word' id='word_1_272' title='bbox 2287 2761 2472 2798; x_wconf 82' lang='lat' dir='ltr'><strong>rursus</strong></span> <span class='ocrx_word' id='word_1_273' title='bbox 2507 2747 2732 2813; x_wconf 77' lang='lat' dir='ltr'><strong>legatur</strong></span> <span class='ocrx_word' id='word_1_274' title='bbox 2767 2739 2858 2810; x_wconf 77' lang='grc' dir='ltr'><strong>ξέ-</strong></span> 
     </span>
     <span class='ocr_line' id='line_1_28' title="bbox 583 2823 2864 2902; baseline -0.004 -14"><span class='ocrx_word' id='word_1_275' title='bbox 583 2851 681 2895; x_wconf 79' lang='grc' dir='ltr'><strong>νος</strong></span> <span class='ocrx_word' id='word_1_276' title='bbox 712 2825 1099 2900; x_wconf 72' lang='grc' dir='ltr'><em>Ἀλεξάνδρου,</em></span> <span class='ocrx_word' id='word_1_277' title='bbox 1140 2841 1293 2902; x_wconf 86' lang='lat' dir='ltr'><strong>patet</strong></span> <span class='ocrx_word' id='word_1_278' title='bbox 1328 2836 1624 2886; x_wconf 84' lang='lat' dir='ltr'><strong>lectionem</strong></span> <span class='ocrx_word' id='word_1_279' title='bbox 1645 2823 2012 2899; x_wconf 74' lang='grc' dir='ltr'><em>Ἀλεξάνδρου</em></span> <span class='ocrx_word' id='word_1_280' title='bbox 2049 2833 2222 2896; x_wconf 87' lang='grc' dir='ltr'><em>φίλον</em></span> <span class='ocrx_word' id='word_1_281' title='bbox 2257 2849 2366 2884; x_wconf 86' lang='grc' dir='ltr'><em>ιιοιι</em></span> <span class='ocrx_word' id='word_1_282' title='bbox 2395 2832 2694 2898; x_wconf 78' lang='lat' dir='ltr'><strong>genuinam</strong></span> <span class='ocrx_word' id='word_1_283' title='bbox 2721 2846 2864 2882; x_wconf 84' lang='lat' dir='ltr'><strong>esse.</strong></span> 
     </span>
     <span class='ocr_line' id='line_1_29' title="bbox 580 2911 2863 2987; baseline -0.004 -14"><span class='ocrx_word' id='word_1_284' title='bbox 580 2923 771 2987; x_wconf 81' lang='lat' dir='ltr'><strong>Neque</strong></span> <span class='ocrx_word' id='word_1_285' title='bbox 807 2925 993 2970; x_wconf 87' lang='lat' dir='ltr'><strong>tamen</strong></span> <span class='ocrx_word' id='word_1_286' title='bbox 1028 2921 1325 2975; x_wconf 76' lang='lat' dir='ltr'><strong>mutandae</strong></span> <span class='ocrx_word' id='word_1_287' title='bbox 1362 2920 1620 2972; x_wconf 85' lang='lat' dir='ltr'><strong>videntur</strong></span> <span class='ocrx_word' id='word_1_288' title='bbox 1645 2955 1658 2968; x_wconf 91' lang='lat'><strong>.</strong></span> <span class='ocrx_word' id='word_1_289' title='bbox 1687 2957 1698 2969; x_wconf 94' lang='lat'><strong>.</strong></span> <span class='ocrx_word' id='word_1_290' title='bbox 1728 2956 1741 2969; x_wconf 83' lang='lat'><strong>.</strong></span> <span class='ocrx_word' id='word_1_291' title='bbox 1767 2918 1927 2969; x_wconf 85' lang='lat' dir='ltr'><strong>sedes</strong></span> <span class='ocrx_word' id='word_1_292' title='bbox 1962 2933 2155 2968; x_wconf 82' lang='lat' dir='ltr'><strong>vocum</strong></span> <span class='ocrx_word' id='word_1_293' title='bbox 2193 2911 2360 2980; x_wconf 78' lang='grc' dir='ltr'><em>ξένον</em></span> <span class='ocrx_word' id='word_1_294' title='bbox 2385 2922 2442 2968; x_wconf 84' lang='lat' dir='ltr'><strong>et</strong></span> <span class='ocrx_word' id='word_1_295' title='bbox 2466 2914 2658 2981; x_wconf 84' lang='grc' dir='ltr'><em>φίλον,</em></span> <span class='ocrx_word' id='word_1_296' title='bbox 2699 2931 2863 2982; x_wconf 86' lang='lat' dir='ltr'><strong>quum</strong></span> 
     </span>
     <span class='ocr_line' id='line_1_30' title="bbox 580 2997 2860 3072; baseline -0 -16"><span class='ocrx_word' id='word_1_297' title='bbox 580 3009 773 3071; x_wconf 87' lang='lat' dir='ltr'><strong>inepta</strong></span> <span class='ocrx_word' id='word_1_298' title='bbox 818 3006 891 3056; x_wconf 86' lang='lat' dir='ltr'><strong>sit</strong></span> <span class='ocrx_word' id='word_1_299' title='bbox 935 3007 1152 3056; x_wconf 89' lang='lat' dir='ltr'><strong>omnino</strong></span> <span class='ocrx_word' id='word_1_300' title='bbox 1196 3005 1337 3056; x_wconf 83' lang='lat' dir='ltr'><strong>haec</strong></span> <span class='ocrx_word' id='word_1_301' title='bbox 1382 3005 1684 3070; x_wconf 86' lang='lat' dir='ltr'><strong>oppositio,</strong></span> <span class='ocrx_word' id='word_1_302' title='bbox 1734 3004 1832 3055; x_wconf 87' lang='lat' dir='ltr'><strong>sed</strong></span> <span class='ocrx_word' id='word_1_303' title='bbox 1874 3004 2059 3072; x_wconf 80' lang='lat' dir='ltr'><strong>potius</strong></span> <span class='ocrx_word' id='word_1_304' title='bbox 2095 3003 2252 3052; x_wconf 87' lang='lat' dir='ltr'><strong>uncis</strong></span> <span class='ocrx_word' id='word_1_305' title='bbox 2289 2999 2612 3053; x_wconf 81' lang='lat' dir='ltr'><strong>inclusimus</strong></span> <span class='ocrx_word' id='word_1_306' title='bbox 2648 2997 2860 3066; x_wconf 82' lang='grc' dir='ltr'><em>φίλον.’</em></span> 
     </span>
     <span class='ocr_line' id='line_1_31' title="bbox 582 3087 2862 3156; baseline -0.002 -15"><span class='ocrx_word' id='word_1_307' title='bbox 582 3090 789 3141; x_wconf 82' lang='lat' dir='ltr'><strong>Contra</strong></span> <span class='ocrx_word' id='word_1_308' title='bbox 836 3090 977 3140; x_wconf 88' lang='lat' dir='ltr'><strong>bene</strong></span> <span class='ocrx_word' id='word_1_309' title='bbox 1020 3091 1290 3140; x_wconf 87' lang='lat' dir='ltr'><strong>Reuterus</strong></span> <span class='ocrx_word' id='word_1_310' title='bbox 1337 3090 1372 3140; x_wconf 90' lang='lat' dir='ltr'><strong>l.</strong></span> <span class='ocrx_word' id='word_1_311' title='bbox 1411 3106 1458 3143; x_wconf 88' lang='lat' dir='ltr'><strong>c.</strong></span> <span class='ocrx_word' id='word_1_312' title='bbox 1498 3107 1550 3156; x_wconf 89' lang='lat' dir='ltr'><strong>p.</strong></span> <span class='ocrx_word' id='word_1_313' title='bbox 1589 3091 1693 3140; x_wconf 89' lang='lat' dir='ltr'><strong>IX:</strong></span> <span class='ocrx_word' id='word_1_314' title='bbox 1745 3089 1842 3139; x_wconf 87' lang='lat' dir='ltr'><strong>‘At</strong></span> <span class='ocrx_word' id='word_1_315' title='bbox 1879 3087 2279 3140; x_wconf 87' lang='lat' dir='ltr'><strong>consideranda</strong></span> <span class='ocrx_word' id='word_1_316' title='bbox 2315 3091 2400 3138; x_wconf 81' lang='lat' dir='ltr'><strong>est</strong></span> <span class='ocrx_word' id='word_1_317' title='bbox 2435 3087 2521 3137; x_wconf 81' lang='lat' dir='ltr'><strong>vie</strong></span> <span class='ocrx_word' id='word_1_318' title='bbox 2558 3101 2626 3136; x_wconf 88' lang='lat' dir='ltr'><strong>ac</strong></span> <span class='ocrx_word' id='word_1_319' title='bbox 2660 3091 2862 3136; x_wconf 82' lang='lat' dir='ltr'><strong>natura</strong></span> 
     </span>
     <span class='ocr_line' id='line_1_32' title="bbox 583 3167 2860 3240; baseline -0.002 -16"><span class='ocrx_word' id='word_1_320' title='bbox 583 3175 1017 3225; x_wconf 77' lang='lat' dir='ltr'><strong>enuntiationum</strong></span> <span class='ocrx_word' id='word_1_321' title='bbox 1046 3211 1059 3224; x_wconf 94' lang='lat'><strong>.</strong></span> <span class='ocrx_word' id='word_1_322' title='bbox 1087 3212 1097 3224; x_wconf 93' lang='lat'><strong>.</strong></span> <span class='ocrx_word' id='word_1_323' title='bbox 1128 3211 1141 3224; x_wconf 94' lang='lat'><strong>.</strong></span> <span class='ocrx_word' id='word_1_324' title='bbox 1167 3190 1293 3224; x_wconf 85' lang='lat' dir='ltr'><strong>nam</strong></span> <span class='ocrx_word' id='word_1_325' title='bbox 1330 3179 1515 3224; x_wconf 88' lang='lat' dir='ltr'><strong>orator</strong></span> <span class='ocrx_word' id='word_1_326' title='bbox 1549 3180 1839 3240; x_wconf 79' lang='lat' dir='ltr'><strong>postquam</strong></span> <span class='ocrx_word' id='word_1_327' title='bbox 1873 3175 2128 3225; x_wconf 82' lang='lat' dir='ltr'><strong>universe</strong></span> <span class='ocrx_word' id='word_1_328' title='bbox 2166 3173 2305 3224; x_wconf 81' lang='lat' dir='ltr'><strong>dixit</strong></span> <span class='ocrx_word' id='word_1_329' title='bbox 2340 3169 2529 3230; x_wconf 80' lang='grc' dir='ltr'><em>καίτοι</em></span> <span class='ocrx_word' id='word_1_330' title='bbox 2568 3167 2773 3236; x_wconf 80' lang='grc' dir='ltr'><em>φιλίαν</em></span> <span class='ocrx_word' id='word_1_331' title='bbox 2797 3183 2860 3236; x_wconf 79' lang='grc' dir='ltr'><strong>γε</strong></span> 
     </span>
     <span class='ocr_line' id='line_1_33' title="bbox 582 3249 2864 3326; baseline -0.003 -16"><span class='ocrx_word' id='word_1_332' title='bbox 582 3256 683 3310; x_wconf 77' lang='grc' dir='ltr'><strong>καὶ</strong></span> <span class='ocrx_word' id='word_1_333' title='bbox 732 3255 929 3322; x_wconf 76' lang='grc' dir='ltr'><em>ξενίαν</em></span> <span class='ocrx_word' id='word_1_334' title='bbox 975 3249 1161 3324; x_wconf 72' lang='grc' dir='ltr'><em>αὐτὴν</em></span> <span class='ocrx_word' id='word_1_335' title='bbox 1204 3249 1497 3324; x_wconf 73' lang='grc' dir='ltr'><em>ὀνομάζει,</em></span> <span class='ocrx_word' id='word_1_336' title='bbox 1545 3261 1846 3326; x_wconf 81' lang='lat' dir='ltr'><strong>separatim</strong></span> <span class='ocrx_word' id='word_1_337' title='bbox 1892 3259 2095 3310; x_wconf 78' lang='lat' dir='ltr'><strong>transit</strong></span> <span class='ocrx_word' id='word_1_338' title='bbox 2131 3257 2201 3309; x_wconf 80' lang='lat' dir='ltr'><strong>ad</strong></span> <span class='ocrx_word' id='word_1_339' title='bbox 2237 3273 2332 3320; x_wconf 85' lang='lat' dir='ltr'><strong>ea,</strong></span> <span class='ocrx_word' id='word_1_340' title='bbox 2378 3271 2520 3322; x_wconf 85' lang='lat' dir='ltr'><strong>qnae</strong></span> <span class='ocrx_word' id='word_1_341' title='bbox 2559 3255 2864 3306; x_wconf 72' lang='lat' dir='ltr'><strong>Aeschines</strong></span> 
     </span>
     <span class='ocr_line' id='line_1_34' title="bbox 583 3330 2862 3410; baseline -0.003 -14"><span class='ocrx_word' id='word_1_342' title='bbox 583 3345 734 3398; x_wconf 84' lang='lat' dir='ltr'><strong>Ctes.</strong></span> <span class='ocrx_word' id='word_1_343' title='bbox 770 3347 817 3408; x_wconf 71' lang='lat'><strong>§-</strong></span> <span class='ocrx_word' id='word_1_344' title='bbox 855 3341 923 3394; x_wconf 92' lang='grc'><strong>66</strong></span> <span class='ocrx_word' id='word_1_345' title='bbox 958 3343 1201 3394; x_wconf 82' lang='lat' dir='ltr'><strong>dixerat:</strong></span> <span class='ocrx_word' id='word_1_346' title='bbox 1250 3334 1281 3394; x_wconf 82' lang='grc' dir='ltr'>ὁ</span> <span class='ocrx_word' id='word_1_347' title='bbox 1326 3335 1433 3410; x_wconf 80' lang='grc' dir='ltr'><strong>τὴν</strong></span> <span class='ocrx_word' id='word_1_348' title='bbox 1478 3340 1678 3406; x_wconf 78' lang='grc' dir='ltr'><em>ξενίαν</em></span> <span class='ocrx_word' id='word_1_349' title='bbox 1723 3337 1848 3409; x_wconf 72' lang='grc' dir='ltr'><em>ἐμοὶ</em></span> <span class='ocrx_word' id='word_1_350' title='bbox 1883 3339 2188 3408; x_wconf 76' lang='grc' dir='ltr'><em>προφέρων</em></span> <span class='ocrx_word' id='word_1_351' title='bbox 2223 3335 2330 3408; x_wconf 77' lang='grc' dir='ltr'><strong>τὴν</strong></span> <span class='ocrx_word' id='word_1_352' title='bbox 2362 3330 2759 3406; x_wconf 73' lang='grc' dir='ltr'><em>Ἀλεξάνδρου,</em></span> <span class='ocrx_word' id='word_1_353' title='bbox 2807 3345 2862 3391; x_wconf 86' lang='lat' dir='ltr'><strong>ct</strong></span> 
     </span>
     <span class='ocr_line' id='line_1_35' title="bbox 582 3417 2858 3494; baseline -0.003 -12"><span class='ocrx_word' id='word_1_354' title='bbox 582 3428 861 3482; x_wconf 79' lang='lat' dir='ltr'><strong>cavillans.</strong></span> <span class='ocrx_word' id='word_1_355' title='bbox 900 3433 1139 3480; x_wconf 82' lang='lat' dir='ltr'><strong>moratur</strong></span> <span class='ocrx_word' id='word_1_356' title='bbox 1183 3430 1240 3478; x_wconf 91' lang='lat' dir='ltr'><strong>in</strong></span> <span class='ocrx_word' id='word_1_357' title='bbox 1285 3429 1469 3480; x_wconf 81' lang='lat' dir='ltr'><strong>verbis</strong></span> <span class='ocrx_word' id='word_1_358' title='bbox 1514 3419 1545 3480; x_wconf 84' lang='grc' dir='ltr'><strong><em>ὁ</em></strong></span> <span class='ocrx_word' id='word_1_359' title='bbox 1593 3421 1700 3494; x_wconf 77' lang='grc' dir='ltr'><strong>τὴν</strong></span> <span class='ocrx_word' id='word_1_360' title='bbox 1741 3419 2107 3494; x_wconf 69' lang='grc' dir='ltr'><em>Ἀλεξάνδρου</em></span> <span class='ocrx_word' id='word_1_361' title='bbox 2144 3424 2343 3490; x_wconf 82' lang='grc' dir='ltr'><em>ξενίαν</em></span> <span class='ocrx_word' id='word_1_362' title='bbox 2377 3463 2390 3476; x_wconf 91' lang='grc'><strong>.</strong></span> <span class='ocrx_word' id='word_1_363' title='bbox 2429 3463 2442 3478; x_wconf 94' lang='grc'><strong>.</strong></span> <span class='ocrx_word' id='word_1_364' title='bbox 2481 3464 2493 3476; x_wconf 95' lang='grc'><em>.</em></span> <span class='ocrx_word' id='word_1_365' title='bbox 2530 3417 2858 3490; x_wconf 69' lang='grc' dir='ltr'><em>ἀξιωθέντι,</em></span> 
     </span>
     <span class='ocr_line' id='line_1_36' title="bbox 578 3511 2858 3580; baseline -0.002 -14"><span class='ocrx_word' id='word_1_366' title='bbox 578 3516 637 3566; x_wconf 89' lang='lat' dir='ltr'><strong>in</strong></span> <span class='ocrx_word' id='word_1_367' title='bbox 675 3515 871 3580; x_wconf 81' lang='lat' dir='ltr'><strong>quibus</strong></span> <span class='ocrx_word' id='word_1_368' title='bbox 906 3515 1209 3580; x_wconf 79' lang='lat' dir='ltr'><strong>sepa-ratim</strong></span> <span class='ocrx_word' id='word_1_369' title='bbox 1244 3513 1440 3580; x_wconf 82' lang='lat' dir='ltr'><strong>positis</strong></span> <span class='ocrx_word' id='word_1_370' title='bbox 1478 3511 1675 3576; x_wconf 81' lang='grc' dir='ltr'><em>ξενίαν</em></span> <span class='ocrx_word' id='word_1_371' title='bbox 1711 3517 1923 3563; x_wconf 88' lang='lat' dir='ltr'><strong>tantum</strong></span> <span class='ocrx_word' id='word_1_372' title='bbox 1948 3514 2162 3578; x_wconf 86' lang='lat' dir='ltr'><strong>tetigit,</strong></span> <span class='ocrx_word' id='word_1_373' title='bbox 2201 3528 2310 3578; x_wconf 87' lang='lat' dir='ltr'><strong>qua</strong></span> <span class='ocrx_word' id='word_1_374' title='bbox 2334 3512 2474 3562; x_wconf 82' lang='lat' dir='ltr'><strong>satis</strong></span> <span class='ocrx_word' id='word_1_375' title='bbox 2497 3513 2704 3574; x_wconf 83' lang='lat' dir='ltr'><strong>derisa,</strong></span> <span class='ocrx_word' id='word_1_376' title='bbox 2741 3527 2858 3562; x_wconf 82' lang='lat' dir='ltr'><strong>ora·</strong></span> 
     </span>
     <span class='ocr_line' id='line_1_37' title="bbox 582 3597 2858 3663; baseline -0.001 -15"><span class='ocrx_word' id='word_1_377' title='bbox 582 3599 788 3650; x_wconf 85' lang='lat' dir='ltr'><strong>tionem</strong></span> <span class='ocrx_word' id='word_1_378' title='bbox 830 3599 1029 3650; x_wconf 83' lang='lat' dir='ltr'><strong>iterum</strong></span> <span class='ocrx_word' id='word_1_379' title='bbox 1074 3599 1243 3650; x_wconf 81' lang='lat' dir='ltr'><strong>vertit</strong></span> <span class='ocrx_word' id='word_1_380' title='bbox 1286 3598 1357 3649; x_wconf 84' lang='lat' dir='ltr'><strong>ad</strong></span> <span class='ocrx_word' id='word_1_381' title='bbox 1404 3597 1483 3660; x_wconf 87' lang='lat' dir='ltr'><strong>id,</strong></span> <span class='ocrx_word' id='word_1_382' title='bbox 1542 3599 1684 3663; x_wconf 89' lang='lat' dir='ltr'><strong>quod</strong></span> <span class='ocrx_word' id='word_1_383' title='bbox 1730 3597 2035 3663; x_wconf 82' lang='lat' dir='ltr'><strong>generatim</strong></span> <span class='ocrx_word' id='word_1_384' title='bbox 2079 3597 2266 3648; x_wconf 79' lang='lat' dir='ltr'><strong>dicere</strong></span> <span class='ocrx_word' id='word_1_385' title='bbox 2317 3602 2595 3662; x_wconf 86' lang='lat' dir='ltr'><strong>coeperat.</strong></span> <span class='ocrx_word' id='word_1_386' title='bbox 2678 3598 2858 3658; x_wconf 85' lang='lat' dir='ltr'><strong>Quare</strong></span> 
     </span>
     <span class='ocr_line' id='line_1_38' title="bbox 582 3681 2856 3750; baseline -0.001 -18"><span class='ocrx_word' id='word_1_387' title='bbox 582 3687 707 3733; x_wconf 71' lang='lat' dir='ltr'><strong>niox</strong></span> <span class='ocrx_word' id='word_1_388' title='bbox 740 3683 798 3732; x_wconf 90' lang='lat' dir='ltr'><strong>in</strong></span> <span class='ocrx_word' id='word_1_389' title='bbox 836 3685 1248 3750; x_wconf 84' lang='lat' dir='ltr'><strong>comparatione</strong></span> <span class='ocrx_word' id='word_1_390' title='bbox 1284 3683 1479 3733; x_wconf 86' lang='lat' dir='ltr'><strong>iisdem</strong></span> <span class='ocrx_word' id='word_1_391' title='bbox 1515 3683 1700 3734; x_wconf 82' lang='lat' dir='ltr'><strong>verbis</strong></span> <span class='ocrx_word' id='word_1_392' title='bbox 1734 3683 1926 3732; x_wconf 87' lang='lat' dir='ltr'><strong>utitur.</strong></span> <span class='ocrx_word' id='word_1_393' title='bbox 1997 3681 2140 3732; x_wconf 90' lang='lat' dir='ltr'><strong>Illud</strong></span> <span class='ocrx_word' id='word_1_394' title='bbox 2179 3687 2360 3732; x_wconf 82' lang='lat' dir='ltr'><strong>autem</strong></span> <span class='ocrx_word' id='word_1_395' title='bbox 2396 3718 2409 3731; x_wconf 91' lang='lat'><strong>.</strong></span> <span class='ocrx_word' id='word_1_396' title='bbox 2436 3717 2450 3732; x_wconf 92' lang='lat'><strong>.</strong></span> <span class='ocrx_word' id='word_1_397' title='bbox 2479 3715 2492 3730; x_wconf 83' lang='lat'><strong>.</strong></span> <span class='ocrx_word' id='word_1_398' title='bbox 2531 3696 2641 3730; x_wconf 90' lang='lat' dir='ltr'><strong>non</strong></span> <span class='ocrx_word' id='word_1_399' title='bbox 2677 3681 2748 3731; x_wconf 82' lang='lat' dir='ltr'><strong>ad</strong></span> <span class='ocrx_word' id='word_1_400' title='bbox 2783 3681 2856 3730; x_wconf 78' lang='lat' dir='ltr'><strong>vi-</strong></span> 
     </span>
     <span class='ocr_line' id='line_1_39' title="bbox 581 3760 2857 3833; baseline 0 -17"><span class='ocrx_word' id='word_1_401' title='bbox 581 3781 705 3819; x_wconf 85' lang='lat' dir='ltr'><strong>vum</strong></span> <span class='ocrx_word' id='word_1_402' title='bbox 743 3769 1103 3819; x_wconf 78' lang='lat' dir='ltr'><strong>resecandum</strong></span> <span class='ocrx_word' id='word_1_403' title='bbox 1140 3773 1243 3830; x_wconf 84' lang='lat' dir='ltr'><strong>est,</strong></span> <span class='ocrx_word' id='word_1_404' title='bbox 1282 3769 1425 3833; x_wconf 90' lang='lat' dir='ltr'><strong>quod</strong></span> <span class='ocrx_word' id='word_1_405' title='bbox 1460 3769 1644 3819; x_wconf 83' lang='lat' dir='ltr'><strong>sedem</strong></span> <span class='ocrx_word' id='word_1_406' title='bbox 1683 3766 2068 3820; x_wconf 84' lang='lat' dir='ltr'><strong>vocabulorum</strong></span> <span class='ocrx_word' id='word_1_407' title='bbox 2106 3760 2273 3829; x_wconf 79' lang='grc' dir='ltr'><em>ξένον</em></span> <span class='ocrx_word' id='word_1_408' title='bbox 2309 3771 2366 3816; x_wconf 91' lang='lat' dir='ltr'><strong>et</strong></span> <span class='ocrx_word' id='word_1_409' title='bbox 2388 3762 2566 3831; x_wconf 86' lang='grc' dir='ltr'><em>φίλον</em></span> <span class='ocrx_word' id='word_1_410' title='bbox 2589 3762 2857 3820; x_wconf 59' lang='lat' dir='ltr'><strong>mutavit)</strong></span> 
     </span>
     <span class='ocr_line' id='line_1_40' title="bbox 581 3850 2860 3914; baseline -0.003 -10"><span class='ocrx_word' id='word_1_411' title='bbox 581 3852 982 3904; x_wconf 76' lang='lat' dir='ltr'><strong>Demosthenes</strong></span> <span class='ocrx_word' id='word_1_412' title='bbox 1027 3853 1189 3903; x_wconf 84' lang='lat' dir='ltr'><strong>nimis</strong></span> <span class='ocrx_word' id='word_1_413' title='bbox 1234 3857 1487 3904; x_wconf 88' lang='lat' dir='ltr'><strong>naturam</strong></span> <span class='ocrx_word' id='word_1_414' title='bbox 1536 3869 1602 3904; x_wconf 78' lang='lat' dir='ltr'><strong>nc</strong></span> <span class='ocrx_word' id='word_1_415' title='bbox 1648 3852 1919 3904; x_wconf 84' lang='lat' dir='ltr'><strong>rationem</strong></span> <span class='ocrx_word' id='word_1_416' title='bbox 1965 3851 2138 3903; x_wconf 79' lang='lat' dir='ltr'><strong>vividi</strong></span> <span class='ocrx_word' id='word_1_417' title='bbox 2182 3851 2450 3902; x_wconf 83' lang='lat' dir='ltr'><strong>sermonis</strong></span> <span class='ocrx_word' id='word_1_418' title='bbox 2496 3850 2746 3914; x_wconf 82' lang='lat' dir='ltr'><strong>amabat,</strong></span> <span class='ocrx_word' id='word_1_419' title='bbox 2802 3855 2860 3899; x_wconf 85' lang='lat' dir='ltr'><strong>ut</strong></span> 
     </span>
     <span class='ocr_line' id='line_1_41' title="bbox 582 3934 2860 4003; baseline -0.003 -14"><span class='ocrx_word' id='word_1_420' title='bbox 582 3937 827 3989; x_wconf 83' lang='lat' dir='ltr'><strong>ordinem</strong></span> <span class='ocrx_word' id='word_1_421' title='bbox 874 3951 1059 3987; x_wconf 89' lang='lat' dir='ltr'><strong>eorum</strong></span> <span class='ocrx_word' id='word_1_422' title='bbox 1093 3937 1483 3988; x_wconf 83' lang='lat' dir='ltr'><strong>vocabulorum</strong></span> <span class='ocrx_word' id='word_1_423' title='bbox 1520 3955 1629 3989; x_wconf 90' lang='lat' dir='ltr'><strong>non</strong></span> <span class='ocrx_word' id='word_1_424' title='bbox 1664 3940 1938 4002; x_wconf 80' lang='lat' dir='ltr'><strong>variaret,</strong></span> <span class='ocrx_word' id='word_1_425' title='bbox 1990 3951 2212 4003; x_wconf 87' lang='lat' dir='ltr'><strong>quorum</strong></span> <span class='ocrx_word' id='word_1_426' title='bbox 2247 3939 2460 3986; x_wconf 85' lang='lat' dir='ltr'><strong>tantum</strong></span> <span class='ocrx_word' id='word_1_427' title='bbox 2499 3936 2665 3986; x_wconf 81' lang='lat' dir='ltr'><strong>abest</strong></span> <span class='ocrx_word' id='word_1_428' title='bbox 2697 3940 2757 3986; x_wconf 88' lang='grc' dir='ltr'><strong>ιιι</strong></span> <span class='ocrx_word' id='word_1_429' title='bbox 2789 3934 2860 3985; x_wconf 81' lang='lat' dir='ltr'><strong>sit</strong></span> 
     </span>
     <span class='ocr_line' id='line_1_42' title="bbox 582 4018 2856 4090; baseline -0.002 -15"><span class='ocrx_word' id='word_1_430' title='bbox 582 4023 875 4089; x_wconf 84' lang='lat' dir='ltr'><strong>oppositio,</strong></span> <span class='ocrx_word' id='word_1_431' title='bbox 914 4026 975 4071; x_wconf 89' lang='grc' dir='ltr'><strong>ιιι</strong></span> <span class='ocrx_word' id='word_1_432' title='bbox 1008 4023 1260 4074; x_wconf 81' lang='lat' dir='ltr'><strong>notiones</strong></span> <span class='ocrx_word' id='word_1_433' title='bbox 1297 4029 1620 4090; x_wconf 81' lang='lat' dir='ltr'><strong>cong-ruant.</strong></span> <span class='ocrx_word' id='word_1_434' title='bbox 1692 4018 1852 4086; x_wconf 77' lang='grc' dir='ltr'><em>ξένος</em></span> <span class='ocrx_word' id='word_1_435' title='bbox 1889 4023 2034 4072; x_wconf 89' lang='lat' dir='ltr'><strong>enim</strong></span> <span class='ocrx_word' id='word_1_436' title='bbox 2071 4021 2214 4072; x_wconf 89' lang='lat' dir='ltr'><strong>idem</strong></span> <span class='ocrx_word' id='word_1_437' title='bbox 2249 4019 2536 4070; x_wconf 80' lang='lat' dir='ltr'><strong>habendus</strong></span> <span class='ocrx_word' id='word_1_438' title='bbox 2567 4025 2652 4070; x_wconf 82' lang='lat' dir='ltr'><strong>est</strong></span> <span class='ocrx_word' id='word_1_439' title='bbox 2677 4019 2856 4085; x_wconf 77' lang='grc' dir='ltr'><em>φίλος,</em></span> 
     </span>
     <span class='ocr_line' id='line_1_43' title="bbox 582 4101 2858 4174; baseline -0.002 -15"><span class='ocrx_word' id='word_1_440' title='bbox 582 4121 913 4174; x_wconf 85' lang='lat' dir='ltr'><strong>quamquam</strong></span> <span class='ocrx_word' id='word_1_441' title='bbox 947 4121 1057 4158; x_wconf 91' lang='lat' dir='ltr'><strong>non</strong></span> <span class='ocrx_word' id='word_1_442' title='bbox 1094 4107 1261 4172; x_wconf 71' lang='grc' dir='ltr'><em>φίλος</em></span> <span class='ocrx_word' id='word_1_443' title='bbox 1295 4107 1440 4157; x_wconf 85' lang='lat' dir='ltr'><strong>idem</strong></span> <span class='ocrx_word' id='word_1_444' title='bbox 1478 4101 1652 4170; x_wconf 77' lang='grc' dir='ltr'><em>ξένος.</em></span> <span class='ocrx_word' id='word_1_445' title='bbox 1724 4107 1866 4158; x_wconf 90' lang='lat' dir='ltr'><strong>Illud</strong></span> <span class='ocrx_word' id='word_1_446' title='bbox 1899 4106 2227 4173; x_wconf 81' lang='lat' dir='ltr'><strong>praesertim</strong></span> <span class='ocrx_word' id='word_1_447' title='bbox 2263 4119 2425 4171; x_wconf 89' lang='lat' dir='ltr'><strong>quum</strong></span> <span class='ocrx_word' id='word_1_448' title='bbox 2461 4109 2747 4169; x_wconf 84' lang='lat' dir='ltr'><strong>utrumque</strong></span> <span class='ocrx_word' id='word_1_449' title='bbox 2770 4117 2858 4154; x_wconf 84' lang='lat' dir='ltr'><strong>no·</strong></span> 
     </span>
     <span class='ocr_line' id='line_1_44' title="bbox 583 4179 2858 4258; baseline -0.002 -15"><span class='ocrx_word' id='word_1_450' title='bbox 583 4207 707 4244; x_wconf 89' lang='lat' dir='ltr'><strong>men</strong></span> <span class='ocrx_word' id='word_1_451' title='bbox 753 4193 869 4243; x_wconf 88' lang='lat' dir='ltr'><strong>iure</strong></span> <span class='ocrx_word' id='word_1_452' title='bbox 906 4189 1235 4243; x_wconf 76' lang='lat' dir='ltr'><strong>Aeschinem</strong></span> <span class='ocrx_word' id='word_1_453' title='bbox 1278 4205 1547 4256; x_wconf 84' lang='lat' dir='ltr'><strong>usurpare</strong></span> <span class='ocrx_word' id='word_1_454' title='bbox 1581 4191 1984 4242; x_wconf 76' lang='lat' dir='ltr'><strong>Demosthenes</strong></span> <span class='ocrx_word' id='word_1_455' title='bbox 2021 4194 2270 4258; x_wconf 82' lang='lat' dir='ltr'><strong>negaret.</strong></span> <span class='ocrx_word' id='word_1_456' title='bbox 2401 4189 2485 4252; x_wconf 87' lang='lat'><strong>11)</strong></span> <span class='ocrx_word' id='word_1_457' title='bbox 2537 4179 2650 4254; x_wconf 64' lang='grc' dir='ltr'><strong>ἐγώ</strong></span> <span class='ocrx_word' id='word_1_458' title='bbox 2683 4201 2747 4254; x_wconf 76' lang='grc' dir='ltr'><strong>γε</strong></span> <span class='ocrx_word' id='word_1_459' title='bbox 2780 4188 2858 4239; x_wconf 80' lang='lat' dir='ltr'><strong>sic</strong></span> 
     </span>
     <span class='ocr_line' id='line_1_45' title="bbox 583 4267 2858 4343; baseline -0.002 -16"><span class='ocrx_word' id='word_1_460' title='bbox 583 4277 723 4343; x_wconf 78' lang='lat' dir='ltr'><strong>Aug.</strong></span> <span class='ocrx_word' id='word_1_461' title='bbox 771 4303 834 4313; x_wconf 95' lang='lat'><strong>—-</strong></span> <span class='ocrx_word' id='word_1_462' title='bbox 886 4271 1059 4342; x_wconf 74' lang='grc' dir='ltr'><em>ἔγωγέ</em></span> <span class='ocrx_word' id='word_1_463' title='bbox 1206 4293 1261 4340; x_wconf 87' lang='lat' dir='ltr'><strong>p.</strong></span> <span class='ocrx_word' id='word_1_464' title='bbox 1310 4301 1373 4311; x_wconf 91' lang='lat'>—</span> <span class='ocrx_word' id='word_1_465' title='bbox 1422 4267 1529 4341; x_wconf 70' lang='grc' dir='ltr'><strong>ἐγω</strong></span> <span class='ocrx_word' id='word_1_466' title='bbox 1567 4269 1626 4326; x_wconf 76' lang='grc' dir='ltr'><strong>σὲ</strong></span> <span class='ocrx_word' id='word_1_467' title='bbox 1665 4273 1998 4327; x_wconf 82' lang='lat' dir='ltr'><strong>Schaeferus</strong></span> <span class='ocrx_word' id='word_1_468' title='bbox 2035 4279 2092 4326; x_wconf 86' lang='lat' dir='ltr'><strong>et</strong></span> <span class='ocrx_word' id='word_1_469' title='bbox 2125 4277 2623 4326; x_wconf 86' lang='lat' dir='ltr'><strong>Werstermannus.</strong></span> <span class='ocrx_word' id='word_1_470' title='bbox 2693 4271 2858 4323; x_wconf 84' lang='lat' dir='ltr'><strong>Male.</strong></span> 
     </span>
     <span class='ocr_line' id='line_1_46' title="bbox 584 4359 945 4412; baseline 0.011 -4"><span class='ocrx_word' id='word_1_471' title='bbox 584 4361 707 4411; x_wconf 81' lang='lat' dir='ltr'><strong>vid.</strong></span> <span class='ocrx_word' id='word_1_472' title='bbox 742 4366 855 4412; x_wconf 82' lang='lat' dir='ltr'><strong>not.</strong></span> <span class='ocrx_word' id='word_1_473' title='bbox 890 4359 945 4412; x_wconf 80' lang='lat'><strong>6..</strong></span> 
     </span>
    </p>
   </div>
  </div>
 </body>
</html>
