3084 4938
834 356 1279 397 nmioS'ernS
1311 357 1409 398 ΟΒ.
1442 359 1525 397 ΒΕ
1557 358 1756 399 FALSA
1785 356 2164 399 LEGATIONE·
2513 340 2635 401 487

357 501 751 578 ἆπόλωλεν.“
816 516 1111 599 κρίνεται
1159 510 1269 578 καὶ
1308 502 1400 579 sc⁷
1447 504 1558 597 γε’ἢ
1604 540 1666 579 τι
1712 514 1848 580 τῶν
1882 508 2349 599 προςηκόντων
2385 512 2634 599 ἐγίγνε-

358 638 465 697 το,
516 613 589 680 ἐν
638 616 1009 703 είςαγγελίᾳ
1054 608 1257 679 πάλαι
1304 606 1389 681 ἂν
1434 602 1552 700 ἦν,
1605 614 1736 683 νῦν
1786 613 1891 701 δὲ,
1945 610 2054 682 διὰ
2105 610 2227 701 τὴν
2273 606 2635 702 ὑμετέραν9

360 708 682 799 εὐήθειαν
718 715 829 782 καὶ
865 706 1287 804 πρᾳότητα,“’
1324 708 1622 795 εὐθύνας
1659 720 1931 802 δίδωσι,
1980 717 2090 784 καὶ
2125 712 2370 795 ταύτας
2405 709 2632 801 ὁπηνί-

360 842 443 883 κα
475 808 855 902 βούλεται.Ιι
927 816 1081 905 (104
1102 854 1187 862 —-
1209 814 1279 903 9)
1306 812 1535 885 ’Ἐστιν
1567 804 1696 886 οὖν
1729 811 1898 897 ὅςτις
1940 810 2167 906 ὑμῶνι
2205 812 2441 905 φωνὴν
2476 810 2634 904 ἆκή·

362 1060 421 1107 ιιι
450 1052 831 1114 conveniebat,
876 1053 1057 1115 lieret.
1104 1052 1411 1108 iamdudum
1445 1053 1768 1127 proditionis
1801 1070 1926 1109 reus
1958 1063 2242 1127 ageretur,
2283 1071 2428 1110 nunc
2456 1062 2632 1111 autem

358 1144 587 1210 propter
616 1146 847 1193 vestram
889 1136 1285 1211 simplicitatem
1316 1146 1373 1193 et
1416 1137 1880 1194 „masuetudinem
1913 1141 2154 1195 rationes
2187 1139 2389 1201 reddit,
2435 1154 2635 1212 casque

360 1238 525 1295 quum
558 1221 687 1277 vult.
732 1221 995 1294 (lm—u)
1026 1222 1190 1277 Estne
1222 1224 1391 1295 igitur
1423 1222 1619 1296 aliquis
1653 1231 1912 1285 vestrum,
1947 1225 2038 1299 qui
2071 1226 2415 1281 eerschine
2447 1240 2632 1280 vocem

355 1487 512 1537 detur
557 1490 667 1539 itere
712 1490 955 1553 periisse,
1007 1505 1164 1554 quam
1205 1504 1323 1538 eum
1375 1488 1648 1553 κρίνεται.
1721 1488 1947 1554 Ellipsis
1985 1494 2169 1540 autem
2208 1481 2312 1540 ἐὰν
2345 1479 2631 1555 α’πόληται

358 1572 488 1622 ferri
533 1588 639 1622 non
686 1578 883 1639 potest.
951 1574 1145 1638 Itaque
1186 1574 1362 1634 locus,
1402 1578 1462 1622 ut
1498 1573 1663 1638 vulgo
1699 1572 1933 1638 legitur,
1972 1574 2308 1639 depravatus
2347 1579 2448 1624 est.
2521 1577 2631 1625 Ne-

357 1672 458 1721 que
495 1672 625 1707 vcro
663 1666 821 1723 aptus
860 1662 947 1709 est
981 1658 1133 1707 loeus
1172 1650 1207 1708 u
1242 1658 1545 1708 Schuefero
1592 1658 1815 1710 citatus,
1886 1674 2012 1707 nam
2058 1656 2179 1721 τρίς
2217 1696 2228 1709 .
2261 1694 2274 1709 .
2301 1698 2315 1711 .
2351 1648 2630 1709 α’πολωλέ-

356 1758 450 1791 ναι
490 1739 714 1801 δίκαιος
754 1736 992 1807 (γέγονε)
1030 1742 1165 1793 nihil
1202 1743 1447 1807 pertinet
1482 1742 1554 1792 ad
1591 1740 1816 1799 δίκαιος
1851 1731 1951 1795 α’π.
1990 1740 2244 1804 κρίνεται
2282 1747 2628 1805 structuram,

355 1826 421 1876 de
460 1842 567 1891 qua.
602 1842 761 1877 nemo
798 1827 1093 1881 dubitaret.
1155 1827 1261 1877 Sed
1297 1842 1417 1877 cum
1456 1826 1734 1877 sententia
1772 1827 1918 1876 conf.
1957 1828 2004 1889 ξ.
2048 1826 2172 1876 118:
2221 1816 2476 1890 ἆδοξεῑν,
2515 1824 2634 1892 κρί-

356 1911 591 1973 νεσθαι,
639 1902 883 1977 πάσχειν
938 1904 1133 1962 ὁτιοῦν
1188 1906 1436 1975 αἴρεῐται
1493 1901 1634 1976 παρ’
1669 1900 1811 1977 ὑμῖν
1855 1908 2102 1976 μᾶλλον,
2143 1910 2239 1977 ubi
2275 1912 2406 1962 item
2443 1910 2632 1974 κρίνε-

355 1996 496 2046 σθαι
532 1996 675 2045 nude
712 2012 811 2061 per
846 2012 909 2047 se
946 1995 1249 2062 (absolute)
1287 1997 1493 2047 dictum
1530 2001 1631 2057 est,
1670 2001 1730 2045 ut
1765 1987 1914 2060 λόγῳ
1947 1994 2202 2060 κρίνετε,
2239 1984 2320 2047 ὧν
2358 1990 2502 2063 ἔργῳ
2537 1987 2632 2047 τοὶ-

355 2075 643 2147 δικήιιατα
678 2074 889 2139 πάντες
925 2071 1131 2143 ὁρῶσιν
1166 2083 1215 2143 S.
1253 2082 1369 2131 275.
1474 2080 1527 2143 6)
1565 2070 1924 2131 υἷπολωλέναι
1962 2080 2171 2130 LaurS.
2206 2080 2352 2146 vulg.
2393 2108 2454 2119 —
2492 2071 2634 2132 αἰπό-

354 2165 493 2215 λωλε
530 2166 595 2217 Σ.
636 2181 705 2229 γρ
732 2164 797 2218 Φ.
870 2166 922 2229 7)
949 2165 1223 2227 κρίνεται.
1248 2163 1347 2217 καὶ
1374 2162 1437 2215 εἴ
1453 2165 1660 2216 LsurS.
1685 2164 1833 2231 vulg.
1859 2192 1928 2201 --
1951 2160 2050 2215 καὶ
2087 2181 2174 2215 om
2200 2164 2268 2215 Σ.
2307 2191 2373 2201 -
2399 2166 2631 2217 Shilleto

356 2250 599 2301 coniecit
634 2249 925 2315 legendum
964 2266 1115 2301 esse:
1155 2248 1393 2307 δικαίως
1418 2239 1696 2302 ἀπόλωλε.
1734 2248 1850 2313 ναί,
1878 2248 2164 2314 κρίνεται·
2203 2246 2301 2301 καὶ
2338 2247 2400 2301 εἴ
2428 2266 2490 2316 γε
2515 2250 2630 2302 κτλ.

359 2334 495 2385 ‘iure
530 2336 701 2399 periit.
750 2336 917 2397 immo,
956 2350 1087 2383 nunc
1121 2350 1241 2384 reus
1274 2336 1445 2399 ayitur
1483 2333 1637 2397 (nota
1671 2332 1926 2395 κρίνεται
1963 2334 2271 2399 praesens).
2293 2334 2402 2385 -Ec
2438 2337 2634 2401 quidem

352 2422 401 2469 sn·
445 2420 503 2469 id
546 2420 681 2486 quod
727 2417 1053 2471 conveniebat
1089 2420 1267 2481 fleret,
1314 2420 1598 2469 iamdudum
1645 2406 1957 2483 proditionis
2007 2436 2126 2469 reus
2177 2427 2433 2485 afferetur.
2503 2436 2633 2469 nunc

356 2511 520 2554 autem
559 2539 571 2552 .
602 2540 615 2553 .
644 2540 658 2553 .
694 2507 922 2556 rationes
956 2501 1167 2554 reddit)
1236 2503 1309 2552 At
1344 2501 1523 2552 lenius
1561 2501 1818 2565 κρίνεται
1854 2502 1907 2553 h.
1945 2497 1982 2552 I.
2021 2509 2335 2570 usurpatur,
2376 2520 2534 2569 quam
2573 2510 2634 2555 ut

354 2603 451 2654 per
506 2587 608 2638 ναί
662 2603 783 2638 cum
837 2589 1182 2654 praegressis
1238 2585 1476 2645 δικαίως
1521 2577 1778 2638 ἀπόλωλε
1827 2587 2209 2654 coniungatur.
2280 2589 2632 2639 Tutissimum

355 2677 441 2722 est
474 2675 631 2738 sequi
670 2673 915 2724 codicem
951 2673 1021 2735 Σ,
1058 2673 1167 2723 nisi
1204 2673 1345 2738 quod
1382 2669 1480 2724 καὶ
1518 2672 1588 2722 ob
1625 2671 1864 2738 proxime
1901 2672 2326 2723 antecedentem
2361 2672 2631 2736 syllabam

352 2757 627 2823 perditum
662 2773 959 2808 servamus.
1000 2757 1362 2823 intelligimus
1409 2761 1592 2808 autem
1636 2748 1894 2809 α’πόλωλε
1939 2772 2047 2806 non
2093 2756 2160 2806 de
2209 2756 2461 2807 iudiciali
2507 2772 2632 2808 con-

355 2843 725 2904 demnatione,
762 2843 861 2892 sed
895 2843 962 2893 de
999 2843 1220 2908 privata
1253 2857 1510 2909 persona,
1551 2857 1714 2909 quam
1739 2841 2041 2893 Aeschines
2067 2841 2274 2908 agebat
2297 2843 2355 2891 in
2381 2841 2630 2904 civitate,

354 2927 557 2993 perditi
607 2926 841 2978 hominis
895 2917 1117 2993 (ὁτιοῦν
1168 2918 1531 2992 πάσχοντος).
1604 2927 1713 2978 Per
1764 2924 2020 2990 κρίνεται
2075 2926 2246 2978 aliam
2298 2926 2630 2977 sententiam

355 3017 537 3064 orator
571 3011 789 3078 incipit,
828 3011 909 3062 itu
948 3013 1297 3076 continuans,
1334 3017 1393 3062 ut
1428 3011 1778 3078 intelligatur
1802 3012 1870 3062 ob
1908 3013 2152 3063 rationes
2189 3011 2486 3077 legationis
2523 3027 2630 3062 non

354 3096 599 3148 redditas
644 3095 973 3146 Aeschinem
1020 3097 1277 3146 accusari
1323 3093 1425 3161 (cf.
1472 3097 1553 3158 ἐς.
1594 3096 1707 3147 132.
1746 3095 1864 3148 334.
1905 3100 1960 3146 et
2005 3097 2244 3161 passim,
2284 3097 2458 3158 locis,
2497 3113 2631 3163 quos

354 3183 483 3232 Am.
532 3180 864 3232 Schsefcrus
911 3181 1110 3231 citavit
1152 3181 1309 3231 Dem.
1348 3181 1411 3230 Τ.
1450 3181 1501 3230 11
1540 3197 1590 3246 p.
1629 3179 1784 3246 361),
1825 3182 1916 3246 qui
1952 3196 2104 3231 reum
2143 3197 2266 3232 esse
2303 3182 2632 3247 proditionis

356 3266 673 3332 oportuerit.
747 3265 841 3316 Sic
879 3269 1061 3317 sutem
1102 3281 1268 3332 aegre
1307 3281 1560 3316 caremus
1597 3266 1984 3316 coniunctione
2031 3263 2150 3316 καί.
2221 3267 2406 3316 Etiam
2443 3282 2632 3317 nume-

356 3367 473 3401 rum
511 3351 797 3416 frangeret
828 3340 1164 3402 ιίσῦνὸετον.
1303 3348 1357 3412 8)
1414 3344 1469 3399 εί
1504 3343 1571 3400 δέ
1605 3367 1652 3400 r.
1689 3350 1882 3400 vindat.
1923 3348 2120 3399 Laut-8.
2174 3377 2240 3388 ·-
2295 3343 2350 3400 εἰ
2386 3343 2459 3416 δή
2495 3351 2628 3402 Mal.

354 3435 409 3498 9)
445 3425 731 3502 ἡμετέραν
764 3435 918 3501 vulg.
952 3461 1015 3471 -
1052 3427 1333 3500 ὑμετέραν
1360 3435 1425 3488 Σ.
1464 3435 1672 3488 LaurS.
1708 3432 1787 3488 Ω.
1825 3433 1999 3500 Augl.
2035 3433 2170 3484 Mal.
2206 3433 2409 3484 Laur8.
2449 3433 2536 3497 (T.
2564 3433 2630 3486 Φ.

2669 734 2718 777 1⁰

354 3521 407 3572 le.
440 3538 483 3572 s.
528 3548 582 3557 —
623 3521 743 3582 ΓΡ).
781 3520 1022 3571 Thomas
1069 3520 1143 3574 Μ.
1181 3536 1226 3570 s.
1263 3535 1314 3573 v.
1354 3508 1589 3586 Εὔηθες
1639 3519 1722 3572 ed.
1767 3519 1979 3570 Ritsch.
2030 3535 2150 3569 cum
2200 3518 2385 3579 codd.,
2423 3520 2631 3584 priores
2691 3511 2694 3516 ’

358 3605 477 3656 edd.
515 3595 815 3670 ἡμετέραν.
959 3603 1041 3668 10)
1096 3597 1390 3672 πρᾳότητα
1425 3601 1526 3655 καὶ
1563 3593 1844 3670 εὐήθειαν
1879 3602 2029 3670 vulg.
2087 3630 2155 3640 —
2214 3592 2498 3669 εὐήθειαν
2531 3601 2630 3656 καὶ

356 3685 647 3758 πρᾳότητα
682 3691 819 3740 Mor.
858 3687 927 3738 Σ.
964 3690 1171 3742 Lam-S.
1214 3688 1276 3740 Τ.
1304 3689 1473 3756 Augl.
1513 3690 1566 3742 le.
1589 3707 1634 3738 s.
1671 3691 1833 3740 Lind.
1877 3715 1924 3725 —
1975 3678 2256 3754 εὐήθειαν
2291 3685 2390 3740 καὶ
2428 3689 2630 3754 φιλαν-

356 3771 629 3839 θρωπίαν
664 3773 921 3824 Thomas.
972 3773 1057 3824 Cf.
1096 3775 1332 3825 Timocr.
1370 3775 1421 3836 S.
1457 3774 1552 3824 51:
1586 3766 1695 3840 τὴν
1731 3773 2183 3840 φιλανθρωπίαν
2217 3769 2318 3824 καὶ
2351 3767 2459 3840 τὴν
2492 3790 2631 3840 πρᾳ-

356 3851 531 3922 ότητα
564 3853 671 3924 τήν
706 3849 1005 3925 ὑμετέραν.
1146 3857 1231 3923 11)
1276 3854 1375 3909 καὶ
1410 3850 1623 3916 ταύτας
1660 3851 1909 3924 ὁπηνίκα
1945 3851 2234 3922 βούλεται,
2281 3859 2424 3910 haec
2458 3858 2632 3909 verba

356 3944 485 4010 quid
522 3943 630 3994 sibi
666 3942 893 3993 volunt?
952 3947 1335 4008 supponuntne
1380 3943 1710 3994 Aeschinem
1754 3942 2062 3994 absolutum
2100 3945 2204 3994 iri?
2261 3944 2332 3994 At
2367 3942 2632 4008 quomodo

356 4027 462 4079 hoc
500 4031 795 4078 accusator
830 4027 1211 4093 supposuerit?
1284 4027 1435 4077 Cave
1481 4031 1744 4092 tanquam
1791 4027 2222 4078 additamentum
2261 4026 2500 4077 alienum
2538 4027 2630 4076 de·

356 4113 493 4164 less.
566 4113 679 4163 Imo
716 4111 1039 4178 supponitur
1074 4127 1168 4162 reo
1204 4111 1448 4162 rationes
1482 4110 1782 4178 legationis
1817 4116 1947 4162 tunc
1985 4112 2292 4163 reddendas
2329 4125 2470 4164 esse.
2517 4115 2629 4160 tam

296 4239 301 4242 .
354 4212 497 4260 sero,
536 4197 668 4262 quis
702 4195 851 4247 hanc
888 4210 1113 4256 causam
1148 4212 1247 4261 per
1282 4195 1580 4247 triennium
1615 4197 1917 4248 Aeschines
1953 4195 2261 4249 distulerat.

496 4365 751 4422 104-9.
827 4363 883 4430 1)
917 4353 1077 4428 ὑμῶν
1111 4352 1263 4423 ὅστις
1298 4363 1498 4417 Laur8.
