3084 4938
882 354 1111 402 VERBA
1156 355 1506 406 SPERANDI
1550 357 1637 404 ET
1678 356 2187 406 PROMITTENDI.
2536 360 2659 408 XIX

323 512 508 590 ἱερων
540 547 620 555 -
650 504 835 572 θύειν
864 509 966 570 καὶ
997 508 1150 572 ἰέναι
1178 509 1280 572 καὶ
1311 507 1713 590 μαντεύεσθαι
1740 511 1843 573 καὶ
1872 518 2130 594 θεωρεῖν
2161 527 2263 576 ete.
2305 518 2500 575 Deinde
2532 527 2659 592 post

282 605 292 612 “
323 601 536 658 multos
579 601 874 658 infinitivos
919 602 1222 674 praesentis
1253 602 1318 658 de
1350 603 1685 665 actionibus,
1718 619 1855 677 quae
1885 621 2011 696 pro‘
2010 619 2077 698 fe
2109 612 2231 662 nata
2262 611 2659 678 repeterentur.

321 695 634 782 sequuntur
661 687 852 743 aoristi
883 686 948 742 de
993 687 1298 744 actionibus
1343 688 1508 744 semei
1563 687 1933 782 perficiendis:
1992 675 2206 759 ὅρκους
2252 681 2317 744 δὲ
2356 680 2657 782 ποιήσοι

325 772 430 826 σθ
449 789 526 826 αι
539 759 910 866 Ἀθηναίους
949 757 1097 864 πρός
1127 765 1642 864 Λακεδαιμονίους
1680 790 1783 828 και
1822 787 1961 842 τους
2005 762 2340 868 ξυμμάχους
2371 760 2523 828 κατὰ
2550 763 2660 828 πό-

319 855 468 924 λεις.
529 841 842 928 ὄμνύντων
887 849 950 912 δὲ
993 843 1098 914 τὸν
1139 845 1516 930 ἐπιχώριον’
1471 847 1678 951 όρκον
1710 847 1972 932 ἑκάτεροι
2000 845 2104 913 τὸν
2132 851 2405 933 μέγιστον
2435 851 2494 928 ἐξ
2524 845 2661 914 ἑκά-

317 955 468 1015 στης
491 931 731 1011 πόλεως.
764 973 834 982 -
863 927 1078 1012 στήλας
1099 934 1162 998 δὲ
1191 954 1268 997 στ
1287 938 1372 1014 ῆσ
1387 959 1460 996 αι
1471 926 1839 1038 Ὀλυμπίασι.
1866 974 1949 984 -
1968 933 2155 1022 ταύτῃ
2173 942 2410 1039 μεταθ
2426 943 2499 999 εἴ
2504 962 2539 998 ν
2554 961 2593 998 α
2614 963 2657 1000 ι.

495 1025 708 1084 Platon.
740 1025 1008 1082 Phaedon.
1041 1044 1094 1100 p.
1125 1029 1192 1080 67
1225 1027 1290 1082 E:
1338 1017 1500 1096 ἐλπίς
1546 1018 1703 1082 ἐστιν
1743 1007 1817 1084 οὗ
1858 1013 1957 1083 διὰ
1996 999 2135 1103 βίον
2174 1016 2335 1122 ἥρων
2385 1029 2658 1102 τυχεῖν.

407 1145 416 1152 ·
498 1112 782 1186 Aristoph.
827 1111 956 1167 Rau.
999 1128 1080 1166 vs.
1110 1115 1240 1166 558:
1298 1100 1659 1181 προςεδόκας
1693 1142 1765 1152 -—
1808 1098 2241 1188 ἀναγνῶναί
2276 1097 2333 1166 σ’
2383 1105 2488 1170 ἔτι.
2536 1113 2653 1171 alia.

321 1195 764 1253 Vid.1{eind.ad
793 1195 1060 1252 Phaedon.
1094 1195 1148 1266 S.
1181 1199 1262 1250 32.
1310 1196 1571 1268 Krueger.
1604 1197 1669 1254 ad
1700 1197 1915 1271 Dionys.
1948 1215 2001 1270 p.
2036 1199 2151 1253 101.
2194 1197 2336 1253 Idem
2368 1197 2433 1253 de
2469 1200 2658 1254 aoristi

321 1279 588 1337 infinitivo
621 1289 748 1354 post
778 1271 933 1348 εἰκός
963 1281 1029 1336 ad
1058 1280 1295 1354 Thucyd.
1326 1281 1376 1343 1,
1407 1284 1470 1334 81
1503 1282 1593 1336 iin.
