3084 4938
2258 215 2300 253 Α

484 354 606 415 406
960 368 1401 411 Demos-meme
1436 369 1536 410 OR.
1571 370 1652 409 DE
1685 370 1878 412 mass
1909 370 2287 411 munione,

485 515 621 603 αἷς1
630 516 861 613 θπερὶ
908 525 1023 610 τῆς
1072 520 1336 612 εἰρήνης
1386 521 1865 611 ἑβουλευεσθε,
1926 518 2154 611 ἤρξατ’
2203 518 2446 613 ἀρχήν,
2506 519 2592 613 ἣν
2639 522 2766 613 ἐγω

486 626 597 694 καὶ
642 640 780 705 τοῖς
828 621 1116 713 ῥήμασιν
1150 622 1331 713 οἶμαι
1368 616 1564 703 τοῖςΠ
1603 620 1863 711 αὐτοῖς,
1913 620 2142 712 οἷςπερ
2177 652 2372 707 ουτος
2409 624 2596 697 εἶπεν
2634 622 2768 697 ἕνη

404 748 455 790 ιο
486 720 685 815 ὑμῖν,
734 722 1383 845 ἀπομνημονεύσειν·
1440 724 1584 813 (14)
1625 720 1741 797 Ec
1783 724 1962 795 πάνυ
2009 723 2261 813 πολύν,
2311 733 2474 815 ἔφη,
2523 725 2767 817 χρόνον

489 825 753 897 ἐσκόπει
802 824 1248 917 Φιλοκράτης,
1322 854 1375 895 ω
1422 823 1668 915 ἄνδρες
1711 823 2088 915 Ἀθηναῖοι,
2151 822 2322 908 πῶς1
2373 822 2498 899 ι’)’ὶν2
2545 825 2760 917 ἄριστ’

488 920 970 1016 «ιε’νοιντιωθειή3
1015 930 1100 1017 τῇ
1145 924 1447 1029 εἰρήνῃ·4
1517 924 1644 997 οὐκ
1691 922 1775 999 ἂν
1823 923 2029 998 αυτὸν
2063 923 2340 1018 ἄμεινον
2376 924 2637 1019 εὑρεῖν5
2671 929 2764 1001 οἶ-

484 1114 890 1175 deliber-abans,
940 1114 1207 1187 principio
1252 1130 1385 1169 usus
1428 1124 1513 1171 est
1562 1100 1722 1187 quod*
1751 1131 1854 1187 ego
1885 1116 2046 1171 etiam
2077 1114 2284 1176 verbis,
2331 1123 2392 1171 ut
2421 1117 2643 1189 opinor.
2675 1118 2768 1171 iis-

484 1200 632 1260 dem,
675 1214 813 1271 quae
855 1197 947 1253 illc
986 1198 1119 1252 dixit
1160 1197 1303 1271 apud
1342 1215 1467 1261 vos.
1510 1198 1973 1255 commemorabo:
2019 1194 2126 1274 (14)
2173 1198 2262 1255 ‘Si
2307 1199 2535 1255 multum
2579 1208 2636 1255 et
2673 1200 2764 1257 diu

484 1282 775 1338 meditatus
815 1289 960 1337 esset
1002 1280 1365 1345 Philocrates,
1408 1284 1797 1351 Athenienses,
1841 1300 1950 1357 quo
1993 1292 2154 1357 pacto
2199 1284 2315 1357 paci
2349 1284 2552 1357 optime
2583 1284 2769 1341 adver-

478 1358 727 1429 saretur:
760 1365 891 1421 nihil
924 1382 1045 1422 eum
1076 1365 1270 1421 melius
1300 1367 1471 1423 fuisse
1500 1376 1844 1441 reperturum
1877 1368 2114 1425 arbitror
2137 1368 2336 1425 talibus
2367 1367 2617 1425 decretis
2662 1384 2766 1441 ego

483 1500 604 1509 ...-

484 1574 591 1645 mle
638 1575 703 1635 ἐν
745 1576 923 1649 μέσῳ,
972 1576 1071 1631 καὶ
1116 1578 1378 1649 παρῇμεν
1425 1580 1529 1645 (sic
1567 1582 1878 1633 scribebam
1911 1598 2009 1649 pro
2045 1580 2336 1647 παρῆμεν)
2383 1581 2452 1649 τῇ
2493 1573 2770 1650 ὑστεραίᾳ

487 1662 571 1727 εἰς
616 1660 722 1733 τήν
772 1658 1097 1729 ἐκκλησίαν.
1168 1665 1259 1715 Cf.
1304 1666 1566 1717 Aeschin.
1613 1669 1657 1719 f.
1706 1666 1816 1732 leg.
1864 1668 1910 1729 ἓ.
1949 1664 2016 1717 60
2061 1682 2184 1733 sqq:
2256 1660 2592 1733 προγράψαι
2635 1663 2769 1727 τούς

484 1745 793 1816 πρυτάνεις
830 1742 1130 1817 ἐκκλησίας
1166 1743 1275 1801 δύο
1309 1742 1455 1800 κατὰ
1492 1745 1594 1800 τὸν
1631 1742 1824 1815 νόμον.
1869 1776 1938 1787 -
1983 1744 2091 1815 τὴν
2135 1743 2198 1803 ἐν
2234 1746 2523 1803 Διονύσου
2573 1744 2766 1819 ἔκκλη-

486 1836 619 1889 σίαν
652 1828 987 1902 προγράψαι
1024 1828 1133 1886 δύο
1170 1826 1489 1900 ἐκκλησίας,
1528 1826 1637 1900 τὴν
1659 1826 1768 1901 μὲν
1800 1833 1870 1901 τῇ
1904 1824 2088 1902 ὀγδόῃ
2125 1827 2220 1887 ἐπὶ
2257 1830 2418 1899 δέκα,
2455 1830 2562 1902 τὴν
2598 1830 2663 1887 δὲ
2697 1836 2770 1903 τῇ

486 1914 661 1987 ἐνάτῃ
708 1912 801 1972 ἐπὶ
850 1914 992 1969 δέκα
1038 1918 1183 1981 (scil.
1230 1916 1729 1984 Elaphebolionis).
1767 1920 1815 1981 S.
1855 1918 1950 1970 65:
2000 1918 2070 1986 τῇ
2105 1912 2212 1985 μὲν
2246 1914 2496 1989 προτέρᾳ
2529 1908 2642 1972 τῶν
2678 1914 2766 1972 ἔκ-

484 2002 732 2070 κλησιιόν
766 1993 1178 2069 συμβουλεύειν
1212 1993 1315 2051 τὸν
1359 1994 1732 2067 βουλόμενον,
1781 2001 1852 2067 τῇ
1888 1994 1944 2054 δ’
1983 1994 2259 2069 ὑστεραίᾳ
2293 1996 2424 2063 τοὺς
2459 1997 2770 2069 πρυτάνεις

487 2080 861 2153 ἐπιψηφίζειν
896 2080 998 2145 τὰς
1033 2078 1277 2151 γνώμας.
1327 2087 1540 2137 Tamen
1567 2087 1840 2153 interpres
1863 2088 2078 2155 Anglus
2103 2088 2453 2139 doctissimus
2477 2106 2768 2156 perperam

483 2173 607 2224 loco
650 2172 997 2236 Thucydidio
1045 2172 1401 2235 abutebatur,
1452 2171 1550 2221 ubi
1595 2180 1704 2225 no·
1752 2170 1921 2222 ‘male
1967 2162 2243 2237 ὑστεραίᾳ
2289 2189 2384 2238 pro
2431 2164 2669 2241 ὑστέρῳ
2705 2180 2772 2225 ut

486 2256 723 2307 Cobet-us
760 2258 840 2305 rei
876 2257 1243 2323 peritissimus
1280 2256 1576 2319 censebat,
1625 2256 1832 2305 dictum
1871 2260 1974 2320 est,
2015 2256 2112 2306 sed
2147 2258 2368 2322 proprie
2403 2256 2475 2325 τῇ
2512 2248 2572 2307 δ’
2607 2248 2768 2309 ὑστε-

484 2340 621 2407 ραίᾳ
672 2334 939 2407 ἐκκλησίᾳ
985 2346 1071 2392 est
1116 2340 1156 2391 i.
1194 2356 1243 2405 q.
1292 2342 1521 2391 crastina
1556 2342 1814 2405 contione,
1856 2346 2116 2406 recteque
2152 2346 2276 2408 post
2309 2342 2556 2407 proxima
2594 2344 2769 2394 verba

482 2416 518 2493 ἡ
559 2417 830 2493 ἐκκλησία
867 2412 1012 2492 αὕτη
1048 2413 1380 2494 άνεβλήθη,
1430 2430 1491 2476 ut
1536 2425 1680 2476 idem
1727 2440 1906 2476 rerum
1944 2426 2179 2493 scriptor
2213 2426 2264 2489 1,
2303 2426 2395 2476 44:
2457 2421 2770 2493 γενομένης

484 2508 584 2563 καὶ
624 2507 715 2569 δὶς
754 2501 1075 2576 ἐκκλησίας,
1114 2509 1183 2576 τῇ
1217 2504 1325 2575 μὲν
1360 2505 1610 2575 προτέρᾳ
1649 2547 1660 2560 .
1691 2546 1704 2560 .
1733 2546 1745 2559 .
1783 2500 2141 2572 α’πεὸἐξαντο
2177 2503 2308 2569 τοὺς
2345 2503 2561 2576 λόγους,
2602 2501 2664 2562 ἔν
2702 2504 2768 2562 δὲ

482 2594 553 2663 τῇ
587 2586 861 2662 ὑστεραίᾳ
895 2588 1271 2660 μετέγψαν.
1342 2595 1417 2645 At
1461 2599 1646 2644 nostro
1692 2592 1816 2644 loeo
1865 2609 1934 2644 ue
1970 2594 2194 2644 verbum
2234 2595 2448 2660 quidem
2486 2595 2553 2645 de
2589 2596 2768 2647 altero

486 2680 575 2730 die
614 2680 938 2745 praecessit,
976 2684 1100 2744 post
1126 2680 1266 2744 quod
1302 2677 1373 2746 τῇ
1394 2677 1709 2744 προτεραίᾳ
1743 2668 2032 2744 ἐκκλησίᾳ,
2073 2669 2136 2729 ἐν
2170 2665 2207 2744 ᾗ
2241 2685 2392 2730 recte
2428 2679 2769 2746 intelligere-

486 2769 589 2826 tur,
630 2779 791 2830 quum
830 2753 865 2828 ἡ
904 2763 1221 2829 προτεραίᾳ
1260 2754 1530 2828 ἐκκλησία
1567 2761 1850 2826 significet
1885 2763 1922 2814 i.
1961 2779 2011 2827 q.
2048 2765 2217 2814 contio
2242 2779 2372 2829 quae
2393 2765 2563 2828 pn'dt'e
2597 2765 2770 2815 habita

483 2857 578 2912 est,
618 2865 727 2900 non
764 2849 798 2899 i.
828 2863 879 2913 q.
916 2849 1066 2912 prior
1100 2849 1284 2898 contio·
1356 2849 1473 2898 Nec
1510 2846 1758 2912 sequitur
1794 2846 2022 2896 alterius
2059 2845 2174 2896 diei
2211 2849 2670 2911 commemoratiO,
2706 2853 2770 2899 ut

485 2938 635 2984 recte
674 2933 823 2983 infra
869 2931 1025 3003 g.15
1070 2929 1138 2996 τῇ
1172 2925 1421 2997 προτέρᾳ
1470 2935 1526 2981 et
1563 2924 1649 2989 είς
1683 2923 1790 2996 τὴν
1826 2921 2137 2996 ὑστεραίαν
2172 2932 2228 2980 in
2260 2934 2443 2996 priore
2477 2932 2598 2984 scil.
2637 2949 2766 2984 con·

483 3017 635 3068 tione
685 3021 740 3066 et
782 3017 1037 3080 postridie
1084 3016 1191 3067 sibi
1238 3015 1590 3083 respondent.
1664 3015 1788 3067 Alio
1837 3020 2019 3064 autem
2056 3015 2396 3079 Thucydidis
2439 3015 2564 3068 loco
2598 3019 2662 3080 V,
2700 3017 2768 3068 75

483 3117 581 3167 pro
633 3099 702 3167 τῇ
751 3093 817 3150 δὲ
862 3101 1175 3166 προτεραίᾳ
1220 3093 1405 3168 ἡμέρᾳ
1448 3101 1626 3151 minus
1673 3101 1940 3151 audacter
1983 3099 2281 3150 scriberem
2315 3097 2385 3168 τῇ
2420 3093 2488 3150 δὲ
2521 3097 2769 3169 προτέρᾳ

481 3177 692 3256 ἡμέρᾳ,
744 3201 905 3251 quam
942 3185 1182 3236 delerem
1220 3177 1421 3254 ἡμέρᾳ.
1491 3201 1620 3235 nam
1656 3185 1962 3235 Aeschines
2010 3185 2048 3234 f.
2085 3183 2193 3249 leg.
2231 3185 2279 3245 §-
2315 3183 2383 3236 63
2416 3186 2547 3236 item
2583 3177 2769 3254 ἡμέρᾳ

484 3271 647 3338 plene
696 3271 973 3322 adhibuit:
1036 3261 1100 3321 ἐν
1150 3269 1219 3336 τῇ
1262 3263 1510 3336 προτέρᾳ
1553 3267 1666 3319 ταῖν
1713 3262 2026 3336 ἐκκλησιῶν
2062 3261 2568 3336 δημηγορήσαντος
2603 3270 2770 3322 Φιλο-

485 3345 731 3421 κράτους
766 3361 875 3406 etc.
911 3353 982 3422 τῇ
1017 3344 1082 3406 δ’
1116 3349 1393 3418 ὑστεραίᾳ
1428 3346 1606 3405 πάλιν
1641 3345 1848 3420 ἡμέρᾳ.
1919 3353 2040 3404 Nisi
2075 3353 2128 3403 h.
2167 3354 2204 3406 l.
2242 3353 2549 3405 Aeschines
2583 3346 2770 3423 ἡμέρᾳ

486 3441 804 3504 adiecisset,
844 3439 1207 3507 supplendum
1245 3439 1391 3490 foret
1427 3429 1717 3504 ἐκκλησίᾳ,
1753 3445 1814 3488 ut
1851 3453 1880 3489 e
1917 3437 2287 3504 superioribus
2322 3443 2502 3505 patet.
2547 3445 2771 3490 senten-

485 3526 571 3576 tia
608 3531 793 3578 autem
831 3525 903 3575 ad
938 3525 1081 3576 idem
1119 3523 1277 3573 redit.
1422 3521 1504 3585 14)
1563 3521 1676 3572 τῶν
1722 3539 1810 3573 om
1844 3540 1910 3590 pr
1942 3524 1994 3576 k.
2068 3522 2154 3574 Cf.
2194 3529 2306 3575 not.
2345 3522 2428 3573 15.
2558 3523 2642 3584 15)
2701 3523 2772 3592 τῇ

486 3603 735 3674 προτέρᾳ
773 3601 1045 3675 ἐκκλησίᾳ
1079 3607 1252 3673 Augl.
1287 3624 1331 3658 s.
1372 3621 1700 3672 quamquam
1738 3609 1984 3673 sequitur
2023 3599 2086 3659 ἐν
2121 3603 2232 3666 αῖς.
2344 3606 2424 3672 16)
2463 3599 2526 3660 ἐν
2562 3595 2598 3676 ἦ
2629 3610 2768 3660 Ven.

484 3693 644 3742 Lind.
728 3692 812 3757 17)
848 3695 969 3751 τοῖς
1006 3707 1092 3742 om
1126 3707 1173 3740 r.
1212 3690 1414 3741 Laur8.
1495 3690 1592 3756 18)·
1621 3684 1683 3743 ἐν
1719 3707 1805 3743 om
1843 3694 1902 3744 F.
1939 3720 2007 3730 —-—
2041 3721 2110 3729 —
2141 3692 2290 3744 Male
2327 3693 2770 3759 interpunctione

489 3767 553 3828 ἐν
586 3767 733 3841 ὑμῖν
770 3776 838 3826 ab
878 3769 1043 3827 εἶπεν
1078 3775 1465 3842 separabatur,
1506 3779 1676 3829 etiam
1713 3779 1771 3828 in
1809 3777 1965 3840 codd,
2003 3781 2066 3826 ut
2097 3776 2306 3827 LaurS.

621 3863 725 3918 14.
798 3858 853 3926 1)
890 3849 1044 3919 ὅπως
1078 3860 1225 3926 vulg.
1264 3890 1327 3897 —
1363 3861 1481 3923 πῶς
1519 3864 1590 3915 Σ.
1625 3863 1832 3913 LaurS.
1871 3861 1935 3912 Φ.
2039 3861 2092 3925 2)
2139 3850 2218 3912 ἄν
2253 3863 2312 3912 in
2347 3861 2456 3912 fine
2492 3861 2677 3912 lineae
2715 3867 2773 3914 et

487 3951 616 3998 ante
654 3961 692 3996 α
728 3961 815 3996 om
853 3945 931 4009 Σ,
980 3945 1086 3996 add
1134 3947 1306 4014 antiq.
1410 3947 1463 4013 3)
1511 3939 1839 4015 ἐναντιωθῇ
1885 3963 2007 3998 corr
2041 3963 2085 3998 υ.
2189 3946 2243 4011 4)
2281 3945 2351 4014 τῇ
2383 3939 2545 3997 πόλει
2584 3947 2769 3997 conie-

488 4031 565 4082 cit
598 4030 844 4082 Wolfius.
917 4031 1177 4081 ‘Excidit
1226 4031 1463 4084 sortasse
1510 4024 1702 4084 πόλει’
1749 4030 2216 4095 Marklandus,
2267 4033 2359 4097 qui
2405 4031 2486 4082 sie
2524 4031 2770 4082 scriben—

487 4116 612 4166 dum
672 4115 891 4166 iubeat:
954 4109 1369 4183 ιἐναντιωθείη
1426 4115 1497 4184 τῇ
1556 4109 1717 4168 πόλει
1778 4108 1997 4181 εἰρήνη.
2068 4133 2183 4182 pax
2239 4123 2451 4168 noceret
2505 4117 2666 4180 νεῖμ’
2703 4143 2772 4152 —*

490 4200 751 4252 ‘wolfius
786 4199 1119 4266 reipublicae.
1190 4201 1306 4252 Imo
1338 4204 1476 4267 paci.
1547 4201 1814 4252 Nimirum
1852 4216 2016 4266 quum
2051 4201 2397 4252 Philocrates
2433 4215 2628 4266 pacem
2664 4200 2770 4250 ini-

486 4287 765 4352 quissimis
792 4287 1209 4339 condicionibus
1246 4287 1541 4337 ineundam
1578 4286 1851 4346 suaderet,
1893 4301 1957 4335 eo
1995 4287 2116 4352 ipso
2153 4287 2279 4352 paci
2319 4285 2601 4336 adversari
2639 4299 2770 4334 cen-

486 4372 687 4426 sendus
736 4375 891 4428 erat.'
958 4373 1250 4426 lut-inus.
1304 4395 1360 4406 —
1412 4371 1621 4422 ‘Locus
1667 4369 1758 4421 hic
1805 4371 1946 4422 bene
1983 4371 2180 4429 habet.
2216 4368 2416 4436 planus
2451 4375 2510 4420 et
2546 4373 2771 4436 apertus
