<?xml version="1.0" encoding="UTF-8"?>
<!DOCTYPE html PUBLIC "-//W3C//DTD XHTML 1.0 Transitional//EN"
    "http://www.w3.org/TR/xhtml1/DTD/xhtml1-transitional.dtd">
<html xmlns="http://www.w3.org/1999/xhtml" xml:lang="en" lang="en">
 <head>
  <title>
</title>
<meta http-equiv="Content-Type" content="text/html;charset=utf-8" />
  <meta name='ocr-system' content='tesseract 3.04.00' />
  <meta name='ocr-capabilities' content='ocr_page ocr_carea ocr_par ocr_line ocrx_word'/>
</head>
<body>
  <div class='ocr_page' id='page_1' title='image "./decoronaetdefal00voemgoog/decoronaetdefal00voemgoog_0124.png"; bbox 0 0 3084 4938; ppageno 0'>
   <div class='ocr_carea' id='block_1_1' title="bbox 508 320 2212 383">
    <p class='ocr_par' dir='ltr' id='par_1_1' title="bbox 508 320 2212 383">
     <span class='ocr_line' id='line_1_1' title="bbox 508 320 2212 383; baseline -0.003 -3"><span class='ocrx_word' id='word_1_1' title='bbox 508 320 589 383; x_wconf 86' lang='grc'><strong>90</strong></span> <span class='ocrx_word' id='word_1_2' title='bbox 1090 336 1531 381; x_wconf 72' lang='lat' dir='ltr'><strong>uuuosrunms</strong></span> <span class='ocrx_word' id='word_1_3' title='bbox 1565 336 1798 379; x_wconf 65' lang='grc' dir='ltr'><strong>οιιᾼτιο</strong></span> <span class='ocrx_word' id='word_1_4' title='bbox 1829 336 1914 377; x_wconf 78' lang='lat' dir='ltr'><strong>m:</strong></span> <span class='ocrx_word' id='word_1_5' title='bbox 1947 336 2212 379; x_wconf 73' lang='lat' dir='ltr'><strong>ooaouA.</strong></span> 
     </span>
    </p>
   </div>
   <div class='ocr_carea' id='block_1_2' title="bbox 418 482 2840 686">
    <p class='ocr_par' dir='ltr' id='par_1_2' title="bbox 418 482 2840 686">
     <span class='ocr_line' id='line_1_2' title="bbox 418 482 2840 613; baseline 0 -50"><span class='ocrx_word' id='word_1_6' title='bbox 418 513 471 555; x_wconf 82' lang='lat'><strong>2⁰</strong></span> <span class='ocrx_word' id='word_1_7' title='bbox 504 482 751 563; x_wconf 68' lang='grc' dir='ltr'><strong>(ιιῦιεου3</strong></span> <span class='ocrx_word' id='word_1_8' title='bbox 798 487 1163 613; x_wconf 77' lang='grc' dir='ltr'><strong><em>συμμάχων</em></strong></span> <span class='ocrx_word' id='word_1_9' title='bbox 1209 488 1374 581; x_wconf 80' lang='grc' dir='ltr'><strong><em>μήτε</em></strong></span> <span class='ocrx_word' id='word_1_10' title='bbox 1420 496 1556 561; x_wconf 75' lang='grc' dir='ltr'><strong>τῶν</strong></span> <span class='ocrx_word' id='word_1_11' title='bbox 1601 485 1824 561; x_wconf 78' lang='grc' dir='ltr'><strong><em>ἄλλων</em></strong></span> <span class='ocrx_word' id='word_1_12' title='bbox 1865 484 2198 579; x_wconf 81' lang='grc' dir='ltr'><strong><em>Ἑλλήνων</em></strong></span> <span class='ocrx_word' id='word_1_13' title='bbox 2241 484 2531 581; x_wconf 56' lang='grc' dir='ltr'><strong><em>μηδένα*</em></strong></span> <span class='ocrx_word' id='word_1_14' title='bbox 2581 492 2840 582; x_wconf 70' lang='grc' dir='ltr'><strong><em>μηδὲν</em></strong></span> 
     </span>
     <span class='ocr_line' id='line_1_3' title="bbox 503 582 2839 686; baseline 0 -21"><span class='ocrx_word' id='word_1_15' title='bbox 503 588 879 684; x_wconf 56' lang='lat' dir='ltr'><strong>divaricas-&#39;²¹’</strong></span> <span class='ocrx_word' id='word_1_16' title='bbox 932 582 1053 683; x_wconf 72' lang='grc' dir='ltr'><strong>ἧν6</strong></span> <span class='ocrx_word' id='word_1_17' title='bbox 1086 622 1173 665; x_wconf 86' lang='grc' dir='ltr'><strong>αν</strong></span> <span class='ocrx_word' id='word_1_18' title='bbox 1204 622 1305 675; x_wconf 84' lang='grc' dir='ltr'><strong>τις</strong></span> <span class='ocrx_word' id='word_1_19' title='bbox 1340 589 1507 665; x_wconf 78' lang='grc' dir='ltr'><strong><em>κατὰ</em></strong></span> <span class='ocrx_word' id='word_1_20' title='bbox 1540 594 1676 663; x_wconf 71' lang='grc' dir='ltr'><strong>τῶν</strong></span> <span class='ocrx_word' id='word_1_21' title='bbox 1689 586 2298 665; x_wconf 67' lang='grc' dir='ltr'><strong>7(ἔναντι(ιιθέιιτιιιυ</strong></span> <span class='ocrx_word' id='word_1_22' title='bbox 2329 589 2431 675; x_wconf 79' lang='grc' dir='ltr'><strong>οἷς</strong></span> <span class='ocrx_word' id='word_1_23' title='bbox 2467 600 2839 686; x_wconf 75' lang='grc' dir='ltr'><strong>ἔπραττεν</strong></span> 
     </span>
    </p>
   </div>
   <div class='ocr_carea' id='block_1_3' title="bbox 502 798 2836 959">
    <p class='ocr_par' dir='ltr' id='par_1_3' title="bbox 502 798 2836 959">
     <span class='ocr_line' id='line_1_4' title="bbox 502 798 2836 875; baseline 0.002 -22"><span class='ocrx_word' id='word_1_24' title='bbox 502 798 783 874; x_wconf 84' lang='lat' dir='ltr'><strong>Philippus</strong></span> <span class='ocrx_word' id='word_1_25' title='bbox 830 800 1054 857; x_wconf 81' lang='lat' dir='ltr'><strong>victoria</strong></span> <span class='ocrx_word' id='word_1_26' title='bbox 1094 800 1331 873; x_wconf 84' lang='lat' dir='ltr'><strong>potitus,</strong></span> <span class='ocrx_word' id='word_1_27' title='bbox 1378 800 1564 856; x_wconf 81' lang='lat' dir='ltr'><strong>statim</strong></span> <span class='ocrx_word' id='word_1_28' title='bbox 1605 798 1828 856; x_wconf 81' lang='lat' dir='ltr'><strong>abiisset</strong></span> <span class='ocrx_word' id='word_1_29' title='bbox 1857 817 1920 855; x_wconf 80' lang='lat' dir='ltr'><strong>ac</strong></span> <span class='ocrx_word' id='word_1_30' title='bbox 1951 806 2140 872; x_wconf 77' lang='lat' dir='ltr'><strong>postea</strong></span> <span class='ocrx_word' id='word_1_31' title='bbox 2171 800 2466 873; x_wconf 77' lang='lat' dir='ltr'><strong>quievisset</strong></span> <span class='ocrx_word' id='word_1_32' title='bbox 2495 816 2692 875; x_wconf 85' lang='lat' dir='ltr'><strong>neque</strong></span> <span class='ocrx_word' id='word_1_33' title='bbox 2731 818 2836 857; x_wconf 87' lang='lat' dir='ltr'><strong>so-</strong></span> 
     </span>
     <span class='ocr_line' id='line_1_5' title="bbox 504 883 2834 959; baseline 0 -19"><span class='ocrx_word' id='word_1_34' title='bbox 504 886 713 940; x_wconf 84' lang='lat' dir='ltr'><strong>ciorum</strong></span> <span class='ocrx_word' id='word_1_35' title='bbox 758 900 982 940; x_wconf 85' lang='lat' dir='ltr'><strong>suorum</strong></span> <span class='ocrx_word' id='word_1_36' title='bbox 1027 901 1204 959; x_wconf 85' lang='lat' dir='ltr'><strong>neque</strong></span> <span class='ocrx_word' id='word_1_37' title='bbox 1234 891 1541 941; x_wconf 81' lang='lat' dir='ltr'><strong>ceterorum</strong></span> <span class='ocrx_word' id='word_1_38' title='bbox 1570 883 1899 940; x_wconf 77' lang='lat' dir='ltr'><strong>Graecorum</strong></span> <span class='ocrx_word' id='word_1_39' title='bbox 1930 883 2026 939; x_wconf 89' lang='lat' dir='ltr'><strong>ulli</strong></span> <span class='ocrx_word' id='word_1_40' title='bbox 2060 900 2118 939; x_wconf 84' lang='lat' dir='ltr'><strong>re</strong></span> <span class='ocrx_word' id='word_1_41' title='bbox 2149 883 2260 941; x_wconf 78' lang='lat' dir='ltr'><strong>ulla</strong></span> <span class='ocrx_word' id='word_1_42' title='bbox 2291 884 2586 948; x_wconf 85' lang='lat' dir='ltr'><strong>molestus;</strong></span> <span class='ocrx_word' id='word_1_43' title='bbox 2635 900 2834 942; x_wconf 84' lang='lat' dir='ltr'><strong>eosne</strong></span> 
     </span>
    </p>
   </div>
   <div class='ocr_carea' id='block_1_4' title="bbox 514 1004 913 1013">
    <p class='ocr_par' dir='ltr' id='par_1_4' title="bbox 514 1004 913 1013">
     <span class='ocr_line' id='line_1_6' title="bbox 514 1004 913 1013; baseline 0 3925"><span class='ocrx_word' id='word_1_44' title='bbox 514 1004 913 1013; x_wconf 95' lang='lat' dir='ltr'><strong> </strong></span> 
     </span>
    </p>
   </div>
   <div class='ocr_carea' id='block_1_5' title="bbox 468 1055 2830 4444">
    <p class='ocr_par' dir='ltr' id='par_1_5' title="bbox 468 1055 2830 4444">
     <span class='ocr_line' id='line_1_7' title="bbox 504 1055 2830 1135; baseline -0.001 -16"><span class='ocrx_word' id='word_1_45' title='bbox 504 1071 764 1135; x_wconf 83' lang='lat' dir='ltr'><strong>Hermog.</strong></span> <span class='ocrx_word' id='word_1_46' title='bbox 802 1068 889 1120; x_wconf 85' lang='lat'><strong>111</strong></span> <span class='ocrx_word' id='word_1_47' title='bbox 924 1084 975 1133; x_wconf 89' lang='lat' dir='ltr'><strong>p.</strong></span> <span class='ocrx_word' id='word_1_48' title='bbox 1011 1064 1130 1121; x_wconf 80' lang='lat'><strong>255.</strong></span> <span class='ocrx_word' id='word_1_49' title='bbox 1182 1094 1245 1103; x_wconf 94' lang='lat'><em>-</em></span> <span class='ocrx_word' id='word_1_50' title='bbox 1292 1056 1476 1123; x_wconf 70' lang='grc' dir='ltr'><strong><em>εὖθ’ὖς</em></strong></span> <span class='ocrx_word' id='word_1_51' title='bbox 1510 1064 1661 1131; x_wconf 78' lang='lat' dir='ltr'><strong>vulg.</strong></span> <span class='ocrx_word' id='word_1_52' title='bbox 1789 1062 1842 1127; x_wconf 79' lang='lat'><strong>3)</strong></span> <span class='ocrx_word' id='word_1_53' title='bbox 1881 1055 2064 1115; x_wconf 74' lang='grc' dir='ltr'><strong><em>αὑτοῦ</em></strong></span> <span class='ocrx_word' id='word_1_54' title='bbox 2099 1065 2246 1131; x_wconf 79' lang='lat' dir='ltr'><strong>vu‘lg.</strong></span> <span class='ocrx_word' id='word_1_55' title='bbox 2291 1094 2360 1101; x_wconf 96' lang='lat'>—</span> <span class='ocrx_word' id='word_1_56' title='bbox 2403 1080 2586 1116; x_wconf 82' lang='grc' dir='ltr'><strong><em>αυτου</em></strong></span> <span class='ocrx_word' id='word_1_57' title='bbox 2625 1065 2702 1117; x_wconf 90' lang='grc' dir='ltr'><strong>Σ.</strong></span> <span class='ocrx_word' id='word_1_58' title='bbox 2747 1094 2830 1106; x_wconf 88' lang='lat'><strong>—-</strong></span> 
     </span>
     <span class='ocr_line' id='line_1_8' title="bbox 507 1140 2820 1218; baseline -0.002 -11"><span class='ocrx_word' id='word_1_59' title='bbox 507 1148 719 1207; x_wconf 68' lang='grc' dir='ltr'><strong><em>ἑαυτοῦ</em></strong></span> <span class='ocrx_word' id='word_1_60' title='bbox 752 1154 1013 1218; x_wconf 76' lang='lat' dir='ltr'><strong>Hermog.</strong></span> <span class='ocrx_word' id='word_1_61' title='bbox 1048 1180 1119 1188; x_wconf 91' lang='lat'><strong>--</strong></span> <span class='ocrx_word' id='word_1_62' title='bbox 1152 1140 1335 1201; x_wconf 69' lang='grc' dir='ltr'><strong><em>αὐτοῦ</em></strong></span> <span class='ocrx_word' id='word_1_63' title='bbox 1368 1150 1574 1201; x_wconf 82' lang='lat' dir='ltr'><strong>LaurS.</strong></span> <span class='ocrx_word' id='word_1_64' title='bbox 1611 1166 1655 1201; x_wconf 78' lang='lat' dir='ltr'><strong>s.</strong></span> <span class='ocrx_word' id='word_1_65' title='bbox 1695 1164 1737 1201; x_wconf 83' lang='lat' dir='ltr'><strong>e.</strong></span> <span class='ocrx_word' id='word_1_66' title='bbox 1774 1148 1971 1201; x_wconf 76' lang='lat' dir='ltr'><strong>vinds.</strong></span> <span class='ocrx_word' id='word_1_67' title='bbox 2009 1151 2058 1199; x_wconf 77' lang='lat'><strong>4.</strong></span> <span class='ocrx_word' id='word_1_68' title='bbox 2097 1150 2146 1199; x_wconf 88' lang='lat'><strong>5.</strong></span> <span class='ocrx_word' id='word_1_69' title='bbox 2185 1149 2341 1202; x_wconf 89' lang='lat' dir='ltr'><strong>Pall.</strong></span> <span class='ocrx_word' id='word_1_70' title='bbox 2367 1150 2418 1201; x_wconf 78' lang='lat'><strong>2.</strong></span> <span class='ocrx_word' id='word_1_71' title='bbox 2455 1150 2595 1201; x_wconf 87' lang='lat' dir='ltr'><strong>Urb.</strong></span> <span class='ocrx_word' id='word_1_72' title='bbox 2635 1150 2820 1203; x_wconf 74' lang='lat' dir='ltr'><strong>Paul.</strong></span> 
     </span>
     <span class='ocr_line' id='line_1_9' title="bbox 468 1225 2822 1311; baseline -0 -22"><span class='ocrx_word' id='word_1_73' title='bbox 468 1302 475 1311; x_wconf 18' lang='grc' dir='ltr'><strong><em>ἡ</em></strong></span> <span class='ocrx_word' id='word_1_74' title='bbox 505 1242 557 1303; x_wconf 81' lang='grc'><strong>4)</strong></span> <span class='ocrx_word' id='word_1_75' title='bbox 604 1229 821 1291; x_wconf 65' lang='grc' dir='ltr'><strong><em>οὐδένα</em></strong></span> <span class='ocrx_word' id='word_1_76' title='bbox 866 1238 967 1289; x_wconf 84' lang='lat' dir='ltr'><strong>cod</strong></span> <span class='ocrx_word' id='word_1_77' title='bbox 1004 1251 1047 1288; x_wconf 78' lang='grc' dir='ltr'><strong>ε.</strong></span> <span class='ocrx_word' id='word_1_78' title='bbox 1094 1264 1162 1274; x_wconf 89' lang='lat'><strong>-—</strong></span> <span class='ocrx_word' id='word_1_79' title='bbox 1207 1228 1437 1301; x_wconf 74' lang='grc' dir='ltr'><strong><em>μηδένα</em></strong></span> <span class='ocrx_word' id='word_1_80' title='bbox 1470 1240 1597 1300; x_wconf 85' lang='lat' dir='ltr'><strong>post</strong></span> <span class='ocrx_word' id='word_1_81' title='bbox 1629 1225 1878 1301; x_wconf 69' lang='grc' dir='ltr'><strong><em>ἡσυχίαν</em></strong></span> <span class='ocrx_word' id='word_1_82' title='bbox 1913 1234 2174 1301; x_wconf 72' lang='lat' dir='ltr'><strong>Her-mog.</strong></span> <span class='ocrx_word' id='word_1_83' title='bbox 2301 1234 2356 1299; x_wconf 80' lang='lat'><strong>5)</strong></span> <span class='ocrx_word' id='word_1_84' title='bbox 2391 1225 2616 1287; x_wconf 68' lang='grc' dir='ltr'><strong>ἀδικῶν</strong></span> <span class='ocrx_word' id='word_1_85' title='bbox 2655 1238 2822 1299; x_wconf 78' lang='lat' dir='ltr'><strong>(sine</strong></span> 
     </span>
     <span class='ocr_line' id='line_1_10' title="bbox 504 1305 2820 1391; baseline -0.002 -15"><span class='ocrx_word' id='word_1_86' title='bbox 504 1318 710 1391; x_wconf 65' lang='grc' dir='ltr'>μηδὲν)</span> <span class='ocrx_word' id='word_1_87' title='bbox 736 1324 997 1389; x_wconf 78' lang='lat' dir='ltr'><strong>Hei-mog.</strong></span> <span class='ocrx_word' id='word_1_88' title='bbox 1034 1322 1364 1373; x_wconf 76' lang='lat' dir='ltr'><strong>memoriter.</strong></span> <span class='ocrx_word' id='word_1_89' title='bbox 1459 1318 1513 1385; x_wconf 79' lang='lat'><strong>6)</strong></span> <span class='ocrx_word' id='word_1_90' title='bbox 1552 1356 1568 1384; x_wconf 91' lang='lat'><strong>‚</strong></span> <span class='ocrx_word' id='word_1_91' title='bbox 1593 1308 1744 1391; x_wconf 68' lang='grc' dir='ltr'><strong>ξμως</strong></span> <span class='ocrx_word' id='word_1_92' title='bbox 1781 1324 1912 1371; x_wconf 86' lang='lat' dir='ltr'><strong>ante</strong></span> <span class='ocrx_word' id='word_1_93' title='bbox 1947 1305 2022 1385; x_wconf 79' lang='grc' dir='ltr'><strong>ἦν</strong></span> <span class='ocrx_word' id='word_1_94' title='bbox 2057 1319 2206 1389; x_wconf 82' lang='lat' dir='ltr'><strong>vulg.</strong></span> <span class='ocrx_word' id='word_1_95' title='bbox 2229 1346 2298 1356; x_wconf 90' lang='lat'><strong>-—</strong></span> <span class='ocrx_word' id='word_1_96' title='bbox 2325 1316 2457 1379; x_wconf 73' lang='grc' dir='ltr'><strong>ἴσως</strong></span> <span class='ocrx_word' id='word_1_97' title='bbox 2491 1320 2698 1385; x_wconf 86' lang='lat' dir='ltr'><strong>(ortum</strong></span> <span class='ocrx_word' id='word_1_98' title='bbox 2727 1324 2820 1373; x_wconf 82' lang='lat' dir='ltr'><strong>vi-</strong></span> 
     </span>
     <span class='ocr_line' id='line_1_11' title="bbox 505 1396 2816 1474; baseline -0.002 -11"><span class='ocrx_word' id='word_1_99' title='bbox 505 1410 665 1463; x_wconf 86' lang='lat' dir='ltr'><strong>detur</strong></span> <span class='ocrx_word' id='word_1_100' title='bbox 689 1425 718 1463; x_wconf 88' lang='lat' dir='ltr'><strong>e</strong></span> <span class='ocrx_word' id='word_1_101' title='bbox 746 1401 1061 1474; x_wconf 71' lang='grc' dir='ltr'><strong>λυπήσας)</strong></span> <span class='ocrx_word' id='word_1_102' title='bbox 1086 1406 1285 1459; x_wconf 90' lang='lat' dir='ltr'><strong>Weim.</strong></span> <span class='ocrx_word' id='word_1_103' title='bbox 1313 1430 1383 1441; x_wconf 85' lang='lat'><strong>—-</strong></span> <span class='ocrx_word' id='word_1_104' title='bbox 1416 1420 1500 1456; x_wconf 88' lang='lat' dir='ltr'><strong>om</strong></span> <span class='ocrx_word' id='word_1_105' title='bbox 1529 1405 1596 1459; x_wconf 90' lang='grc' dir='ltr'><strong>Σ.</strong></span> <span class='ocrx_word' id='word_1_106' title='bbox 1621 1420 1688 1471; x_wconf 89' lang='lat' dir='ltr'><strong>pr</strong></span> <span class='ocrx_word' id='word_1_107' title='bbox 1709 1402 1915 1457; x_wconf 76' lang='lat' dir='ltr'><strong>Laui-S.</strong></span> <span class='ocrx_word' id='word_1_108' title='bbox 1943 1404 2115 1469; x_wconf 82' lang='lat' dir='ltr'><strong>Aug2.</strong></span> <span class='ocrx_word' id='word_1_109' title='bbox 2210 1404 2262 1469; x_wconf 91' lang='grc'><strong>7)</strong></span> <span class='ocrx_word' id='word_1_110' title='bbox 2298 1403 2410 1455; x_wconf 75' lang='grc' dir='ltr'><strong>τῶν</strong></span> <span class='ocrx_word' id='word_1_111' title='bbox 2435 1396 2539 1458; x_wconf 75' lang='grc' dir='ltr'><strong>υιῖκ</strong></span> <span class='ocrx_word' id='word_1_112' title='bbox 2563 1406 2816 1474; x_wconf 80' lang='lat' dir='ltr'><strong>margT.</strong></span> 
     </span>
     <span class='ocr_line' id='line_1_12' title="bbox 505 1488 2816 1561; baseline -0.001 -16"><span class='ocrx_word' id='word_1_113' title='bbox 505 1490 742 1561; x_wconf 74' lang='lat' dir='ltr'><strong>margQ.</strong></span> <span class='ocrx_word' id='word_1_114' title='bbox 776 1509 830 1559; x_wconf 85' lang='grc' dir='ltr'><strong>η.</strong></span> <span class='ocrx_word' id='word_1_115' title='bbox 852 1491 1023 1543; x_wconf 83' lang='lat' dir='ltr'><strong>AldV.</strong></span> <span class='ocrx_word' id='word_1_116' title='bbox 1046 1490 1213 1543; x_wconf 87' lang='lat' dir='ltr'><strong>AldB.</strong></span> <span class='ocrx_word' id='word_1_117' title='bbox 1285 1489 1388 1542; x_wconf 87' lang='lat' dir='ltr'><strong>Fel</strong></span> <span class='ocrx_word' id='word_1_118' title='bbox 1428 1505 1550 1541; x_wconf 86' lang='lat' dir='ltr'><strong>cum</strong></span> <span class='ocrx_word' id='word_1_119' title='bbox 1580 1490 1848 1540; x_wconf 86' lang='lat' dir='ltr'><strong>asterisco</strong></span> <span class='ocrx_word' id='word_1_120' title='bbox 1888 1488 1967 1553; x_wconf 88' lang='lat' dir='ltr'><strong>(in</strong></span> <span class='ocrx_word' id='word_1_121' title='bbox 1994 1489 2160 1539; x_wconf 85' lang='lat' dir='ltr'><strong>Herw</strong></span> <span class='ocrx_word' id='word_1_122' title='bbox 2191 1490 2380 1541; x_wconf 89' lang='lat' dir='ltr'><strong>Indice</strong></span> <span class='ocrx_word' id='word_1_123' title='bbox 2421 1496 2505 1543; x_wconf 87' lang='lat' dir='ltr'><strong>est</strong></span> <span class='ocrx_word' id='word_1_124' title='bbox 2541 1494 2816 1543; x_wconf 77' lang='lat' dir='ltr'><strong>varietas</strong></span> 
     </span>
     <span class='ocr_line' id='line_1_13' title="bbox 504 1573 2810 1645; baseline -0.001 -15"><span class='ocrx_word' id='word_1_125' title='bbox 504 1578 751 1645; x_wconf 84' lang='lat' dir='ltr'><strong>scripta).</strong></span> <span class='ocrx_word' id='word_1_126' title='bbox 791 1577 1019 1643; x_wconf 83' lang='lat' dir='ltr'><strong>Scrimg.</strong></span> <span class='ocrx_word' id='word_1_127' title='bbox 1055 1603 1125 1613; x_wconf 80' lang='lat'><strong>--</strong></span> <span class='ocrx_word' id='word_1_128' title='bbox 1160 1593 1245 1627; x_wconf 89' lang='lat' dir='ltr'><strong>om</strong></span> <span class='ocrx_word' id='word_1_129' title='bbox 1281 1576 1639 1643; x_wconf 77' lang='lat' dir='ltr'><strong>negationem</strong></span> <span class='ocrx_word' id='word_1_130' title='bbox 1675 1573 1872 1641; x_wconf 83' lang='lat' dir='ltr'><strong>reliqui</strong></span> <span class='ocrx_word' id='word_1_131' title='bbox 1909 1574 2056 1623; x_wconf 88' lang='lat' dir='ltr'><strong>libri.</strong></span> <span class='ocrx_word' id='word_1_132' title='bbox 2128 1589 2236 1625; x_wconf 89' lang='lat' dir='ltr'><strong>non</strong></span> <span class='ocrx_word' id='word_1_133' title='bbox 2261 1578 2440 1642; x_wconf 85' lang='lat' dir='ltr'><strong>magis</strong></span> <span class='ocrx_word' id='word_1_134' title='bbox 2463 1577 2678 1628; x_wconf 89' lang='lat' dir='ltr'><strong>habent</strong></span> <span class='ocrx_word' id='word_1_135' title='bbox 2703 1593 2810 1627; x_wconf 86' lang='lat' dir='ltr'><strong>ne-</strong></span> 
     </span>
     <span class='ocr_line' id='line_1_14' title="bbox 504 1657 2810 1733; baseline -0.002 -18"><span class='ocrx_word' id='word_1_136' title='bbox 504 1666 787 1733; x_wconf 79' lang='lat' dir='ltr'><strong>gationem</strong></span> <span class='ocrx_word' id='word_1_137' title='bbox 824 1662 1017 1713; x_wconf 90' lang='lat' dir='ltr'><strong>Vindl.</strong></span> <span class='ocrx_word' id='word_1_138' title='bbox 1057 1660 1228 1728; x_wconf 83' lang='lat' dir='ltr'><strong>Augl.</strong></span> <span class='ocrx_word' id='word_1_139' title='bbox 1278 1662 1469 1725; x_wconf 81' lang='lat' dir='ltr'><strong>itaque</strong></span> <span class='ocrx_word' id='word_1_140' title='bbox 1504 1659 1862 1711; x_wconf 83' lang='lat' dir='ltr'><strong>vehementer</strong></span> <span class='ocrx_word' id='word_1_141' title='bbox 1897 1657 2084 1709; x_wconf 85' lang='lat' dir='ltr'><strong>dubito</strong></span> <span class='ocrx_word' id='word_1_142' title='bbox 2121 1658 2187 1709; x_wconf 89' lang='lat' dir='ltr'><strong>de</strong></span> <span class='ocrx_word' id='word_1_143' title='bbox 2226 1658 2411 1711; x_wconf 79' lang='lat' dir='ltr'><strong>Guelf.</strong></span> <span class='ocrx_word' id='word_1_144' title='bbox 2449 1660 2610 1712; x_wconf 86' lang='lat' dir='ltr'><strong>Harl.</strong></span> <span class='ocrx_word' id='word_1_145' title='bbox 2651 1663 2810 1713; x_wconf 79' lang='lat' dir='ltr'><strong>eius-</strong></span> 
     </span>
     <span class='ocr_line' id='line_1_15' title="bbox 505 1743 2810 1811; baseline -0.002 -10"><span class='ocrx_word' id='word_1_146' title='bbox 505 1749 627 1801; x_wconf 91' lang='lat' dir='ltr'><strong>dem</strong></span> <span class='ocrx_word' id='word_1_147' title='bbox 666 1748 933 1800; x_wconf 74' lang='lat' dir='ltr'><strong>familiae.</strong></span> <span class='ocrx_word' id='word_1_148' title='bbox 1005 1748 1215 1798; x_wconf 87' lang='lat' dir='ltr'><strong>erravit</strong></span> <span class='ocrx_word' id='word_1_149' title='bbox 1236 1743 1522 1811; x_wconf 83' lang='lat' dir='ltr'><strong>Taylorus.</strong></span> <span class='ocrx_word' id='word_1_150' title='bbox 1597 1743 1866 1795; x_wconf 80' lang='lat' dir='ltr'>‘Probare</span> <span class='ocrx_word' id='word_1_151' title='bbox 1894 1743 2010 1794; x_wconf 82' lang='lat' dir='ltr'><strong>vult</strong></span> <span class='ocrx_word' id='word_1_152' title='bbox 2032 1744 2450 1807; x_wconf 74' lang='lat' dir='ltr'><strong>Demosthenes,</strong></span> <span class='ocrx_word' id='word_1_153' title='bbox 2487 1746 2810 1798; x_wconf 87' lang='lat' dir='ltr'><strong>Athenien-</strong></span> 
     </span>
     <span class='ocr_line' id='line_1_16' title="bbox 504 1828 2806 1901; baseline -0.002 -15"><span class='ocrx_word' id='word_1_154' title='bbox 504 1850 594 1886; x_wconf 84' lang='lat' dir='ltr'><strong>ses</strong></span> <span class='ocrx_word' id='word_1_155' title='bbox 632 1850 793 1901; x_wconf 84' lang='lat' dir='ltr'><strong>quum</strong></span> <span class='ocrx_word' id='word_1_156' title='bbox 829 1835 1118 1899; x_wconf 89' lang='lat' dir='ltr'><strong>paruerint</strong></span> <span class='ocrx_word' id='word_1_157' title='bbox 1154 1830 1476 1881; x_wconf 79' lang='lat' dir='ltr'><strong>auctoritati</strong></span> <span class='ocrx_word' id='word_1_158' title='bbox 1510 1828 1710 1895; x_wconf 86' lang='lat' dir='ltr'><strong>ipsius,</strong></span> <span class='ocrx_word' id='word_1_159' title='bbox 1761 1832 1914 1879; x_wconf 86' lang='lat' dir='ltr'><strong>recte</strong></span> <span class='ocrx_word' id='word_1_160' title='bbox 1951 1828 2182 1897; x_wconf 59' lang='lat' dir='ltr'><strong>iseciese,</strong></span> <span class='ocrx_word' id='word_1_161' title='bbox 2223 1830 2317 1895; x_wconf 90' lang='lat' dir='ltr'><strong>qui</strong></span> <span class='ocrx_word' id='word_1_162' title='bbox 2351 1830 2608 1897; x_wconf 88' lang='lat' dir='ltr'><strong>Philippo</strong></span> <span class='ocrx_word' id='word_1_163' title='bbox 2645 1832 2806 1882; x_wconf 84' lang='lat' dir='ltr'><strong>subi-</strong></span> 
     </span>
     <span class='ocr_line' id='line_1_17' title="bbox 505 1913 2804 1986; baseline -0.003 -15"><span class='ocrx_word' id='word_1_164' title='bbox 505 1921 659 1986; x_wconf 84' lang='lat' dir='ltr'><strong>genti</strong></span> <span class='ocrx_word' id='word_1_165' title='bbox 708 1920 983 1971; x_wconf 74' lang='lat' dir='ltr'><strong>Graeciae</strong></span> <span class='ocrx_word' id='word_1_166' title='bbox 1034 1917 1298 1967; x_wconf 87' lang='lat' dir='ltr'><strong>civitates</strong></span> <span class='ocrx_word' id='word_1_167' title='bbox 1334 1954 1349 1969; x_wconf 92' lang='lat'><strong>.</strong></span> <span class='ocrx_word' id='word_1_168' title='bbox 1386 1951 1399 1965; x_wconf 93' lang='lat'><strong>.</strong></span> <span class='ocrx_word' id='word_1_169' title='bbox 1440 1950 1451 1963; x_wconf 94' lang='lat'><strong>.</strong></span> <span class='ocrx_word' id='word_1_170' title='bbox 1492 1913 1715 1963; x_wconf 84' lang='lat' dir='ltr'><strong>fortiter</strong></span> <span class='ocrx_word' id='word_1_171' title='bbox 1760 1913 2044 1965; x_wconf 74' lang='lat' dir='ltr'><strong>adversati</strong></span> <span class='ocrx_word' id='word_1_172' title='bbox 2091 1914 2216 1965; x_wconf 86' lang='lat' dir='ltr'><strong>sint.</strong></span> <span class='ocrx_word' id='word_1_173' title='bbox 2287 1914 2466 1981; x_wconf 84' lang='lat' dir='ltr'><strong>Atque</strong></span> <span class='ocrx_word' id='word_1_174' title='bbox 2512 1932 2545 1966; x_wconf 86' lang='lat' dir='ltr'><strong>a</strong></span> <span class='ocrx_word' id='word_1_175' title='bbox 2594 1916 2804 1967; x_wconf 87' lang='lat' dir='ltr'><strong>minori</strong></span> 
     </span>
     <span class='ocr_line' id='line_1_18' title="bbox 508 1997 2801 2070; baseline -0.001 -16"><span class='ocrx_word' id='word_1_176' title='bbox 508 2006 939 2070; x_wconf 79' lang='lat' dir='ltr'><strong>argumentatur,</strong></span> <span class='ocrx_word' id='word_1_177' title='bbox 977 2002 1060 2051; x_wconf 88' lang='lat' dir='ltr'><strong>ita</strong></span> <span class='ocrx_word' id='word_1_178' title='bbox 1097 2000 1410 2066; x_wconf 86' lang='lat' dir='ltr'><strong>disputans:</strong></span> <span class='ocrx_word' id='word_1_179' title='bbox 1450 1997 1508 2047; x_wconf 84' lang='lat' dir='ltr'><strong>Si</strong></span> <span class='ocrx_word' id='word_1_180' title='bbox 1545 2003 1832 2064; x_wconf 75' lang='lat' dir='ltr'><strong>postquam</strong></span> <span class='ocrx_word' id='word_1_181' title='bbox 1867 1998 2046 2063; x_wconf 84' lang='lat' dir='ltr'><strong>prima</strong></span> <span class='ocrx_word' id='word_1_182' title='bbox 2081 2014 2181 2049; x_wconf 84' lang='lat' dir='ltr'><strong>sua</strong></span> <span class='ocrx_word' id='word_1_183' title='bbox 2219 2000 2456 2051; x_wconf 88' lang='lat' dir='ltr'><strong>consilia</strong></span> <span class='ocrx_word' id='word_1_184' title='bbox 2493 2000 2562 2050; x_wconf 85' lang='lat' dir='ltr'><strong>ad</strong></span> <span class='ocrx_word' id='word_1_185' title='bbox 2589 2002 2801 2052; x_wconf 84' lang='lat' dir='ltr'><strong>exitum</strong></span> 
     </span>
     <span class='ocr_line' id='line_1_19' title="bbox 505 2080 2794 2155; baseline -0 -18"><span class='ocrx_word' id='word_1_186' title='bbox 505 2088 783 2155; x_wconf 88' lang='lat' dir='ltr'><strong>perduxit,</strong></span> <span class='ocrx_word' id='word_1_187' title='bbox 826 2123 839 2135; x_wconf 94' lang='lat'><strong>.</strong></span> <span class='ocrx_word' id='word_1_188' title='bbox 880 2123 892 2136; x_wconf 90' lang='lat'><strong>.</strong></span> <span class='ocrx_word' id='word_1_189' title='bbox 934 2122 947 2136; x_wconf 89' lang='lat'><strong>.</strong></span> <span class='ocrx_word' id='word_1_190' title='bbox 985 2084 1273 2150; x_wconf 75' lang='lat' dir='ltr'><strong>Philippus</strong></span> <span class='ocrx_word' id='word_1_191' title='bbox 1308 2083 1368 2132; x_wconf 90' lang='lat' dir='ltr'><strong>in</strong></span> <span class='ocrx_word' id='word_1_192' title='bbox 1402 2097 1632 2149; x_wconf 81' lang='lat' dir='ltr'><strong>regnum</strong></span> <span class='ocrx_word' id='word_1_193' title='bbox 1668 2080 1925 2131; x_wconf 76' lang='lat' dir='ltr'><strong>rediisset</strong></span> <span class='ocrx_word' id='word_1_194' title='bbox 1961 2088 2127 2148; x_wconf 87' lang='lat' dir='ltr'><strong>atque</strong></span> <span class='ocrx_word' id='word_1_195' title='bbox 2165 2084 2350 2150; x_wconf 87' lang='lat' dir='ltr'><strong>quiete</strong></span> <span class='ocrx_word' id='word_1_196' title='bbox 2387 2084 2504 2136; x_wconf 91' lang='lat' dir='ltr'><strong>illic</strong></span> <span class='ocrx_word' id='word_1_197' title='bbox 2541 2086 2794 2148; x_wconf 82' lang='lat' dir='ltr'><strong>vixisset,</strong></span> 
     </span>
     <span class='ocr_line' id='line_1_20' title="bbox 560 2166 2794 2235; baseline 0 -14"><span class='ocrx_word' id='word_1_198' title='bbox 560 2208 575 2221; x_wconf 93' lang='lat'><strong>.</strong></span> <span class='ocrx_word' id='word_1_199' title='bbox 614 2208 627 2223; x_wconf 94' lang='lat'><strong>.</strong></span> <span class='ocrx_word' id='word_1_200' title='bbox 666 2176 855 2221; x_wconf 87' lang='lat' dir='ltr'><strong>tamen</strong></span> <span class='ocrx_word' id='word_1_201' title='bbox 890 2168 1209 2235; x_wconf 84' lang='lat' dir='ltr'><strong>reprehensi</strong></span> <span class='ocrx_word' id='word_1_202' title='bbox 1246 2166 1491 2234; x_wconf 76' lang='lat' dir='ltr'><strong>graviter</strong></span> <span class='ocrx_word' id='word_1_203' title='bbox 1526 2166 1738 2229; x_wconf 81' lang='lat' dir='ltr'><strong>forent,</strong></span> <span class='ocrx_word' id='word_1_204' title='bbox 1775 2204 1789 2218; x_wconf 93' lang='lat'><strong>.</strong></span> <span class='ocrx_word' id='word_1_205' title='bbox 1831 2206 1844 2219; x_wconf 93' lang='lat'><strong>.</strong></span> <span class='ocrx_word' id='word_1_206' title='bbox 1884 2206 1897 2219; x_wconf 90' lang='lat'><strong>.</strong></span> <span class='ocrx_word' id='word_1_207' title='bbox 1936 2168 2241 2234; x_wconf 81' lang='lat' dir='ltr'><strong>quicunque</strong></span> <span class='ocrx_word' id='word_1_208' title='bbox 2279 2185 2386 2221; x_wconf 90' lang='lat' dir='ltr'><strong>non</strong></span> <span class='ocrx_word' id='word_1_209' title='bbox 2423 2170 2794 2233; x_wconf 79' lang='lat' dir='ltr'><strong>restitissent3</strong></span> 
     </span>
     <span class='ocr_line' id='line_1_21' title="bbox 504 2251 2794 2320; baseline -0.001 -13"><span class='ocrx_word' id='word_1_210' title='bbox 504 2271 649 2307; x_wconf 89' lang='lat' dir='ltr'><strong>nunc</strong></span> <span class='ocrx_word' id='word_1_211' title='bbox 683 2270 814 2306; x_wconf 84' lang='lat' dir='ltr'><strong>vero</strong></span> <span class='ocrx_word' id='word_1_212' title='bbox 852 2266 1014 2320; x_wconf 90' lang='lat' dir='ltr'><strong>quum</strong></span> <span class='ocrx_word' id='word_1_213' title='bbox 1051 2252 1215 2303; x_wconf 85' lang='lat' dir='ltr'><strong>aliter</strong></span> <span class='ocrx_word' id='word_1_214' title='bbox 1251 2251 1455 2303; x_wconf 74' lang='lat' dir='ltr'><strong>fecerit</strong></span> <span class='ocrx_word' id='word_1_215' title='bbox 1490 2258 1600 2303; x_wconf 87' lang='lat' dir='ltr'><strong>etc.</strong></span> <span class='ocrx_word' id='word_1_216' title='bbox 1638 2278 1706 2287; x_wconf 89' lang='lat'><strong>—-·</strong></span> <span class='ocrx_word' id='word_1_217' title='bbox 1741 2252 1878 2315; x_wconf 80' lang='lat' dir='ltr'><strong>Quis</strong></span> <span class='ocrx_word' id='word_1_218' title='bbox 1913 2251 2084 2317; x_wconf 84' lang='lat' dir='ltr'><strong>igitur</strong></span> <span class='ocrx_word' id='word_1_219' title='bbox 2117 2268 2224 2309; x_wconf 81' lang='lat' dir='ltr'><strong>non</strong></span> <span class='ocrx_word' id='word_1_220' title='bbox 2259 2254 2430 2317; x_wconf 81' lang='lat' dir='ltr'><strong>videt,</strong></span> <span class='ocrx_word' id='word_1_221' title='bbox 2469 2259 2529 2305; x_wconf 90' lang='lat' dir='ltr'><strong>ut</strong></span> <span class='ocrx_word' id='word_1_222' title='bbox 2549 2254 2646 2306; x_wconf 89' lang='lat' dir='ltr'><strong>hic</strong></span> <span class='ocrx_word' id='word_1_223' title='bbox 2667 2271 2794 2307; x_wconf 81' lang='lat' dir='ltr'><strong>sen-</strong></span> 
     </span>
     <span class='ocr_line' id='line_1_22' title="bbox 505 2336 2792 2407; baseline 0 -16"><span class='ocrx_word' id='word_1_224' title='bbox 505 2356 597 2391; x_wconf 77' lang='lat' dir='ltr'><strong>sus</strong></span> <span class='ocrx_word' id='word_1_225' title='bbox 642 2339 772 2393; x_wconf 84' lang='lat' dir='ltr'><strong>inde</strong></span> <span class='ocrx_word' id='word_1_226' title='bbox 819 2338 949 2391; x_wconf 86' lang='lat' dir='ltr'><strong>elici</strong></span> <span class='ocrx_word' id='word_1_227' title='bbox 994 2338 1197 2405; x_wconf 86' lang='lat' dir='ltr'><strong>possit,</strong></span> <span class='ocrx_word' id='word_1_228' title='bbox 1245 2336 1552 2389; x_wconf 88' lang='lat' dir='ltr'><strong>desiderari</strong></span> <span class='ocrx_word' id='word_1_229' title='bbox 1599 2336 1928 2403; x_wconf 83' lang='lat' dir='ltr'><strong>particulam</strong></span> <span class='ocrx_word' id='word_1_230' title='bbox 1973 2343 2270 2403; x_wconf 85' lang='lat' dir='ltr'><strong>negantem</strong></span> <span class='ocrx_word' id='word_1_231' title='bbox 2315 2339 2539 2407; x_wconf 80' lang='lat' dir='ltr'><strong>legique</strong></span> <span class='ocrx_word' id='word_1_232' title='bbox 2582 2339 2792 2393; x_wconf 84' lang='lat' dir='ltr'><strong>debere</strong></span> 
     </span>
     <span class='ocr_line' id='line_1_23' title="bbox 509 2416 2794 2494; baseline 0 -18"><span class='ocrx_word' id='word_1_233' title='bbox 509 2441 651 2478; x_wconf 81' lang='grc' dir='ltr'><strong><em>κατα</em></strong></span> <span class='ocrx_word' id='word_1_234' title='bbox 689 2422 802 2476; x_wconf 78' lang='grc' dir='ltr'><strong>τῶν</strong></span> <span class='ocrx_word' id='word_1_235' title='bbox 836 2440 961 2476; x_wconf 79' lang='grc' dir='ltr'><strong>ουκ</strong></span> <span class='ocrx_word' id='word_1_236' title='bbox 998 2416 1533 2478; x_wconf 51' lang='lat' dir='ltr'><strong>&amp;vuamba-‘maist’</strong></span> <span class='ocrx_word' id='word_1_237' title='bbox 1581 2423 1951 2494; x_wconf 81' lang='lat' dir='ltr'><strong>Victorius</strong></span> <span class='ocrx_word' id='word_1_238' title='bbox 1976 2422 2104 2474; x_wconf 87' lang='lat' dir='ltr'><strong>Var.</strong></span> <span class='ocrx_word' id='word_1_239' title='bbox 2141 2424 2300 2476; x_wconf 84' lang='lat' dir='ltr'><strong>Lect.</strong></span> <span class='ocrx_word' id='word_1_240' title='bbox 2341 2424 2446 2484; x_wconf 86' lang='lat' dir='ltr'><strong>XI,</strong></span> <span class='ocrx_word' id='word_1_241' title='bbox 2486 2423 2567 2479; x_wconf 82' lang='lat'><strong>14.</strong></span> <span class='ocrx_word' id='word_1_242' title='bbox 2639 2424 2794 2478; x_wconf 87' lang='lat' dir='ltr'><strong>Idem</strong></span> 
     </span>
     <span class='ocr_line' id='line_1_24' title="bbox 504 2487 2796 2575; baseline 0.001 -15"><span class='ocrx_word' id='word_1_243' title='bbox 504 2511 616 2562; x_wconf 83' lang='lat' dir='ltr'><strong>iam</strong></span> <span class='ocrx_word' id='word_1_244' title='bbox 652 2512 972 2564; x_wconf 89' lang='lat' dir='ltr'><strong>coniecerat</strong></span> <span class='ocrx_word' id='word_1_245' title='bbox 1004 2509 1235 2562; x_wconf 86' lang='lat' dir='ltr'><strong>Wolfius</strong></span> <span class='ocrx_word' id='word_1_246' title='bbox 1274 2525 1302 2560; x_wconf 89' lang='lat' dir='ltr'><strong>e</strong></span> <span class='ocrx_word' id='word_1_247' title='bbox 1338 2509 1458 2560; x_wconf 83' lang='lat' dir='ltr'><strong>Fel.</strong></span> <span class='ocrx_word' id='word_1_248' title='bbox 1533 2487 1775 2560; x_wconf 87' lang='lat' dir='ltr'><strong>‘Addidi</strong></span> <span class='ocrx_word' id='word_1_249' title='bbox 1799 2487 2132 2575; x_wconf 81' lang='lat' dir='ltr'><strong>particulam</strong></span> <span class='ocrx_word' id='word_1_250' title='bbox 2167 2509 2516 2562; x_wconf 86' lang='lat' dir='ltr'><strong>infitiantem.</strong></span> <span class='ocrx_word' id='word_1_251' title='bbox 2588 2511 2796 2572; x_wconf 83' lang='lat' dir='ltr'><strong>Quam-</strong></span> 
     </span>
     <span class='ocr_line' id='line_1_25' title="bbox 506 2593 2795 2662; baseline 0 -17"><span class='ocrx_word' id='word_1_252' title='bbox 506 2611 671 2662; x_wconf 87' lang='lat' dir='ltr'><strong>quam</strong></span> <span class='ocrx_word' id='word_1_253' title='bbox 718 2611 825 2646; x_wconf 88' lang='lat' dir='ltr'><strong>non</strong></span> <span class='ocrx_word' id='word_1_254' title='bbox 870 2597 1033 2648; x_wconf 89' lang='lat' dir='ltr'><strong>miror</strong></span> <span class='ocrx_word' id='word_1_255' title='bbox 1079 2611 1203 2646; x_wconf 86' lang='lat' dir='ltr'><strong>eam</strong></span> <span class='ocrx_word' id='word_1_256' title='bbox 1246 2593 1413 2662; x_wconf 77' lang='lat' dir='ltr'><strong>vulgo</strong></span> <span class='ocrx_word' id='word_1_257' title='bbox 1460 2595 1676 2648; x_wconf 81' lang='lat' dir='ltr'><strong>abesse.</strong></span> <span class='ocrx_word' id='word_1_258' title='bbox 1748 2609 1878 2644; x_wconf 83' lang='lat' dir='ltr'><strong>nam</strong></span> <span class='ocrx_word' id='word_1_259' title='bbox 1927 2609 1956 2642; x_wconf 88' lang='lat' dir='ltr'><strong>e</strong></span> <span class='ocrx_word' id='word_1_260' title='bbox 1992 2594 2222 2659; x_wconf 80' lang='lat' dir='ltr'><strong>vulgata</strong></span> <span class='ocrx_word' id='word_1_261' title='bbox 2261 2608 2472 2661; x_wconf 88' lang='lat' dir='ltr'><strong>quoque</strong></span> <span class='ocrx_word' id='word_1_262' title='bbox 2509 2596 2795 2646; x_wconf 87' lang='lat' dir='ltr'><strong>sententia</strong></span> 
     </span>
     <span class='ocr_line' id='line_1_26' title="bbox 506 2667 2792 2745; baseline -0 -14"><span class='ocrx_word' id='word_1_263' title='bbox 506 2681 713 2744; x_wconf 84' lang='lat' dir='ltr'><strong>existit,</strong></span> <span class='ocrx_word' id='word_1_264' title='bbox 750 2681 974 2733; x_wconf 87' lang='lat' dir='ltr'><strong>tametsi</strong></span> <span class='ocrx_word' id='word_1_265' title='bbox 1010 2680 1188 2732; x_wconf 87' lang='lat' dir='ltr'><strong>minus</strong></span> <span class='ocrx_word' id='word_1_266' title='bbox 1224 2678 1387 2742; x_wconf 90' lang='lat' dir='ltr'><strong>bona,</strong></span> <span class='ocrx_word' id='word_1_267' title='bbox 1427 2677 1738 2730; x_wconf 85' lang='lat' dir='ltr'><strong>tolerabilis</strong></span> <span class='ocrx_word' id='word_1_268' title='bbox 1775 2681 1976 2736; x_wconf 86' lang='lat' dir='ltr'><strong>tamen,</strong></span> <span class='ocrx_word' id='word_1_269' title='bbox 2013 2680 2341 2744; x_wconf 86' lang='lat' dir='ltr'><strong>praesertim</strong></span> <span class='ocrx_word' id='word_1_270' title='bbox 2377 2680 2424 2730; x_wconf 88' lang='lat' dir='ltr'><strong>si</strong></span> <span class='ocrx_word' id='word_1_271' title='bbox 2459 2667 2610 2745; x_wconf 79' lang='grc' dir='ltr'>ὅμως</span> <span class='ocrx_word' id='word_1_272' title='bbox 2636 2681 2792 2730; x_wconf 88' lang='lat' dir='ltr'><strong>omit-</strong></span> 
     </span>
     <span class='ocr_line' id='line_1_27' title="bbox 503 2751 2792 2830; baseline -0.002 -10"><span class='ocrx_word' id='word_1_273' title='bbox 503 2771 655 2820; x_wconf 79' lang='lat' dir='ltr'><strong>tatur</strong></span> <span class='ocrx_word' id='word_1_274' title='bbox 678 2803 692 2817; x_wconf 93' lang='lat'><strong>.</strong></span> <span class='ocrx_word' id='word_1_275' title='bbox 720 2802 732 2816; x_wconf 93' lang='lat'><strong>.</strong></span> <span class='ocrx_word' id='word_1_276' title='bbox 760 2801 777 2818; x_wconf 85' lang='grc'><strong>.</strong></span> <span class='ocrx_word' id='word_1_277' title='bbox 804 2769 902 2820; x_wconf 77' lang='lat' dir='ltr'><strong>aut</strong></span> <span class='ocrx_word' id='word_1_278' title='bbox 935 2767 1017 2820; x_wconf 82' lang='lat' dir='ltr'><strong>sic</strong></span> <span class='ocrx_word' id='word_1_279' title='bbox 1052 2765 1439 2830; x_wconf 83' lang='lat' dir='ltr'><strong>distinguatur,</strong></span> <span class='ocrx_word' id='word_1_280' title='bbox 1476 2767 1539 2814; x_wconf 87' lang='lat' dir='ltr'><strong>ut</strong></span> <span class='ocrx_word' id='word_1_281' title='bbox 1573 2764 1632 2814; x_wconf 87' lang='lat' dir='ltr'><strong>in</strong></span> <span class='ocrx_word' id='word_1_282' title='bbox 1656 2764 1822 2814; x_wconf 84' lang='lat' dir='ltr'><strong>Bav.:</strong></span> <span class='ocrx_word' id='word_1_283' title='bbox 1863 2753 2120 2828; x_wconf 76' lang='grc' dir='ltr'><strong><em>λυπήσας</em></strong></span> <span class='ocrx_word' id='word_1_284' title='bbox 2156 2751 2332 2828; x_wconf 82' lang='grc' dir='ltr'>ὅμως·</span> <span class='ocrx_word' id='word_1_285' title='bbox 2369 2751 2444 2830; x_wconf 79' lang='grc' dir='ltr'><strong>ἦν</strong></span> <span class='ocrx_word' id='word_1_286' title='bbox 2466 2753 2560 2815; x_wconf 73' lang='grc' dir='ltr'><strong>ἂν.</strong></span> <span class='ocrx_word' id='word_1_287' title='bbox 2631 2764 2792 2815; x_wconf 87' lang='lat' dir='ltr'><strong>Unde</strong></span> 
     </span>
     <span class='ocr_line' id='line_1_28' title="bbox 504 2836 2794 2918; baseline -0.002 -16"><span class='ocrx_word' id='word_1_288' title='bbox 504 2852 757 2918; x_wconf 86' lang='lat' dir='ltr'><strong>suspicor</strong></span> <span class='ocrx_word' id='word_1_289' title='bbox 780 2887 793 2901; x_wconf 92' lang='lat'><strong>.</strong></span> <span class='ocrx_word' id='word_1_290' title='bbox 824 2889 837 2902; x_wconf 92' lang='lat'><strong>.</strong></span> <span class='ocrx_word' id='word_1_291' title='bbox 869 2889 881 2902; x_wconf 93' lang='lat'><strong>.</strong></span> <span class='ocrx_word' id='word_1_292' title='bbox 910 2853 967 2902; x_wconf 89' lang='lat' dir='ltr'><strong>in</strong></span> <span class='ocrx_word' id='word_1_293' title='bbox 1005 2849 1134 2902; x_wconf 87' lang='lat' dir='ltr'><strong>aliis</strong></span> <span class='ocrx_word' id='word_1_294' title='bbox 1170 2849 1341 2900; x_wconf 85' lang='lat' dir='ltr'><strong>fuisse</strong></span> <span class='ocrx_word' id='word_1_295' title='bbox 1378 2836 1521 2908; x_wconf 74' lang='grc' dir='ltr'><strong>ὅλως</strong></span> <span class='ocrx_word' id='word_1_296' title='bbox 1547 2883 1560 2897; x_wconf 91' lang='grc'><strong>.</strong></span> <span class='ocrx_word' id='word_1_297' title='bbox 1588 2885 1600 2897; x_wconf 95' lang='grc'><strong>.</strong></span> <span class='ocrx_word' id='word_1_298' title='bbox 1630 2884 1643 2898; x_wconf 95' lang='grc'><strong>.</strong></span> <span class='ocrx_word' id='word_1_299' title='bbox 1689 2845 1849 2898; x_wconf 87' lang='lat' dir='ltr'><strong>Unde</strong></span> <span class='ocrx_word' id='word_1_300' title='bbox 1884 2846 2027 2898; x_wconf 89' lang='lat' dir='ltr'><strong>haec</strong></span> <span class='ocrx_word' id='word_1_301' title='bbox 2067 2849 2182 2898; x_wconf 85' lang='lat' dir='ltr'><strong>exit</strong></span> <span class='ocrx_word' id='word_1_302' title='bbox 2218 2849 2524 2900; x_wconf 70' lang='lat' dir='ltr'><strong>sententiat</strong></span> <span class='ocrx_word' id='word_1_303' title='bbox 2572 2849 2631 2898; x_wconf 87' lang='lat' dir='ltr'><strong>Si</strong></span> <span class='ocrx_word' id='word_1_304' title='bbox 2666 2849 2794 2899; x_wconf 91' lang='lat' dir='ltr'><strong>Phi-</strong></span> 
     </span>
     <span class='ocr_line' id='line_1_29' title="bbox 504 2933 2794 3003; baseline -0.001 -16"><span class='ocrx_word' id='word_1_305' title='bbox 504 2937 686 3003; x_wconf 82' lang='lat' dir='ltr'><strong>lippus</strong></span> <span class='ocrx_word' id='word_1_306' title='bbox 720 2936 898 2988; x_wconf 83' lang='lat' dir='ltr'><strong>victor</strong></span> <span class='ocrx_word' id='word_1_307' title='bbox 924 2935 1125 2998; x_wconf 86' lang='lat' dir='ltr'><strong>factus,</strong></span> <span class='ocrx_word' id='word_1_308' title='bbox 1167 2933 1503 2986; x_wconf 85' lang='lat' dir='ltr'><strong>Graecorum</strong></span> <span class='ocrx_word' id='word_1_309' title='bbox 1526 2947 1748 3000; x_wconf 87' lang='lat' dir='ltr'><strong>prorsus</strong></span> <span class='ocrx_word' id='word_1_310' title='bbox 1773 2934 2048 2983; x_wconf 88' lang='lat' dir='ltr'><strong>neminem</strong></span> <span class='ocrx_word' id='word_1_311' title='bbox 2071 2934 2306 3000; x_wconf 81' lang='lat' dir='ltr'><strong>posthac</strong></span> <span class='ocrx_word' id='word_1_312' title='bbox 2331 2933 2604 2992; x_wconf 83' lang='lat' dir='ltr'><strong>laesisset,</strong></span> <span class='ocrx_word' id='word_1_313' title='bbox 2644 2933 2794 2984; x_wconf 86' lang='lat' dir='ltr'><strong>iusta</strong></span> 
     </span>
     <span class='ocr_line' id='line_1_30' title="bbox 506 3017 2792 3088; baseline 0 -18"><span class='ocrx_word' id='word_1_314' title='bbox 506 3019 703 3072; x_wconf 86' lang='lat' dir='ltr'><strong>fuisset</strong></span> <span class='ocrx_word' id='word_1_315' title='bbox 738 3036 831 3072; x_wconf 88' lang='lat' dir='ltr'><strong>eos</strong></span> <span class='ocrx_word' id='word_1_316' title='bbox 870 3019 1305 3088; x_wconf 88' lang='lat' dir='ltr'><strong>reprehendendi</strong></span> <span class='ocrx_word' id='word_1_317' title='bbox 1343 3033 1537 3080; x_wconf 88' lang='lat' dir='ltr'><strong>causa,</strong></span> <span class='ocrx_word' id='word_1_318' title='bbox 1592 3019 1684 3083; x_wconf 91' lang='lat' dir='ltr'><strong>qui</strong></span> <span class='ocrx_word' id='word_1_319' title='bbox 1723 3018 1777 3068; x_wconf 90' lang='lat' dir='ltr'><strong>ei</strong></span> <span class='ocrx_word' id='word_1_320' title='bbox 1813 3017 2094 3069; x_wconf 81' lang='lat' dir='ltr'><strong>adversati</strong></span> <span class='ocrx_word' id='word_1_321' title='bbox 2133 3023 2320 3069; x_wconf 85' lang='lat' dir='ltr'><strong>essent</strong></span> <span class='ocrx_word' id='word_1_322' title='bbox 2357 3035 2586 3084; x_wconf 85' lang='lat' dir='ltr'><strong>eumque</strong></span> <span class='ocrx_word' id='word_1_323' title='bbox 2626 3019 2792 3070; x_wconf 86' lang='lat' dir='ltr'><strong>armis</strong></span> 
     </span>
     <span class='ocr_line' id='line_1_31' title="bbox 504 3101 2790 3170; baseline 0 -16"><span class='ocrx_word' id='word_1_324' title='bbox 504 3104 782 3167; x_wconf 83' lang='lat' dir='ltr'><strong>insectati,</strong></span> <span class='ocrx_word' id='word_1_325' title='bbox 820 3106 997 3156; x_wconf 82' lang='lat' dir='ltr'><strong>virum</strong></span> <span class='ocrx_word' id='word_1_326' title='bbox 1033 3110 1148 3156; x_wconf 90' lang='lat' dir='ltr'><strong>tam</strong></span> <span class='ocrx_word' id='word_1_327' title='bbox 1182 3104 1383 3156; x_wconf 91' lang='lat' dir='ltr'><strong>bonum</strong></span> <span class='ocrx_word' id='word_1_328' title='bbox 1410 3139 1425 3153; x_wconf 92' lang='lat'><strong>.</strong></span> <span class='ocrx_word' id='word_1_329' title='bbox 1451 3141 1465 3154; x_wconf 93' lang='lat'><strong>.</strong></span> <span class='ocrx_word' id='word_1_330' title='bbox 1494 3140 1506 3153; x_wconf 93' lang='lat'><strong>.</strong></span> <span class='ocrx_word' id='word_1_331' title='bbox 1548 3103 1657 3153; x_wconf 86' lang='lat' dir='ltr'><strong>Sed</strong></span> <span class='ocrx_word' id='word_1_332' title='bbox 1693 3101 1862 3153; x_wconf 86' lang='lat' dir='ltr'><strong>facile</strong></span> <span class='ocrx_word' id='word_1_333' title='bbox 1902 3111 2132 3170; x_wconf 87' lang='lat' dir='ltr'><strong>apparet</strong></span> <span class='ocrx_word' id='word_1_334' title='bbox 2165 3103 2310 3155; x_wconf 89' lang='lat' dir='ltr'><strong>hanc</strong></span> <span class='ocrx_word' id='word_1_335' title='bbox 2335 3106 2672 3155; x_wconf 86' lang='lat' dir='ltr'><strong>sententiam</strong></span> <span class='ocrx_word' id='word_1_336' title='bbox 2697 3142 2710 3156; x_wconf 94' lang='lat'><strong>.</strong></span> <span class='ocrx_word' id='word_1_337' title='bbox 2737 3142 2752 3156; x_wconf 91' lang='lat'><strong>.</strong></span> <span class='ocrx_word' id='word_1_338' title='bbox 2779 3143 2790 3154; x_wconf 95' lang='lat'><strong>.</strong></span> 
     </span>
     <span class='ocr_line' id='line_1_32' title="bbox 504 3177 2796 3256; baseline 0 -18"><span class='ocrx_word' id='word_1_339' title='bbox 504 3181 732 3239; x_wconf 82' lang='lat' dir='ltr'><strong>multum</strong></span> <span class='ocrx_word' id='word_1_340' title='bbox 769 3189 967 3240; x_wconf 83' lang='lat' dir='ltr'><strong>cedere</strong></span> <span class='ocrx_word' id='word_1_341' title='bbox 1004 3188 1171 3240; x_wconf 87' lang='lat' dir='ltr'><strong>alteri</strong></span> <span class='ocrx_word' id='word_1_342' title='bbox 1207 3203 1347 3254; x_wconf 86' lang='lat' dir='ltr'><strong>quae</strong></span> <span class='ocrx_word' id='word_1_343' title='bbox 1386 3177 1489 3239; x_wconf 70' lang='grc' dir='ltr'><strong>οὐκ</strong></span> <span class='ocrx_word' id='word_1_344' title='bbox 1522 3188 1698 3238; x_wconf 83' lang='lat' dir='ltr'><strong>habet</strong></span> <span class='ocrx_word' id='word_1_345' title='bbox 1723 3225 1737 3238; x_wconf 90' lang='lat'><strong>.</strong></span> <span class='ocrx_word' id='word_1_346' title='bbox 1766 3225 1778 3238; x_wconf 94' lang='lat'><strong>.</strong></span> <span class='ocrx_word' id='word_1_347' title='bbox 1805 3225 1816 3236; x_wconf 94' lang='lat'><strong>.</strong></span> <span class='ocrx_word' id='word_1_348' title='bbox 1855 3189 2092 3238; x_wconf 82' lang='lat' dir='ltr'><strong>Etiamsi</strong></span> <span class='ocrx_word' id='word_1_349' title='bbox 2128 3188 2416 3256; x_wconf 83' lang='lat' dir='ltr'><strong>Philippus</strong></span> <span class='ocrx_word' id='word_1_350' title='bbox 2449 3189 2796 3256; x_wconf 85' lang='lat' dir='ltr'><strong>postmodum</strong></span> 
     </span>
     <span class='ocr_line' id='line_1_33' title="bbox 504 3271 2794 3340; baseline 0 -16"><span class='ocrx_word' id='word_1_351' title='bbox 504 3275 633 3340; x_wconf 89' lang='lat' dir='ltr'><strong>paci</strong></span> <span class='ocrx_word' id='word_1_352' title='bbox 676 3275 965 3336; x_wconf 84' lang='lat' dir='ltr'><strong>servisset,</strong></span> <span class='ocrx_word' id='word_1_353' title='bbox 1015 3277 1203 3324; x_wconf 86' lang='lat' dir='ltr'><strong>tamen</strong></span> <span class='ocrx_word' id='word_1_354' title='bbox 1250 3271 1413 3340; x_wconf 86' lang='lat' dir='ltr'><strong>culpa</strong></span> <span class='ocrx_word' id='word_1_355' title='bbox 1448 3289 1560 3324; x_wconf 87' lang='lat' dir='ltr'><strong>non</strong></span> <span class='ocrx_word' id='word_1_356' title='bbox 1596 3278 1866 3324; x_wconf 83' lang='lat' dir='ltr'><strong>vacarent</strong></span> <span class='ocrx_word' id='word_1_357' title='bbox 1901 3273 1992 3338; x_wconf 90' lang='lat' dir='ltr'><strong>qui</strong></span> <span class='ocrx_word' id='word_1_358' title='bbox 2031 3273 2322 3339; x_wconf 87' lang='lat' dir='ltr'><strong>cupiditati</strong></span> <span class='ocrx_word' id='word_1_359' title='bbox 2359 3274 2477 3324; x_wconf 87' lang='lat' dir='ltr'><strong>eius</strong></span> <span class='ocrx_word' id='word_1_360' title='bbox 2511 3273 2662 3324; x_wconf 80' lang='lat' dir='ltr'><strong>haud</strong></span> <span class='ocrx_word' id='word_1_361' title='bbox 2701 3273 2794 3324; x_wconf 90' lang='lat' dir='ltr'><strong>ob-</strong></span> 
     </span>
     <span class='ocr_line' id='line_1_34' title="bbox 505 3345 2794 3432; baseline -0.002 -20"><span class='ocrx_word' id='word_1_362' title='bbox 505 3356 817 3412; x_wconf 82' lang='lat' dir='ltr'><strong>stitissent.’</strong></span> <span class='ocrx_word' id='word_1_363' title='bbox 856 3357 1194 3432; x_wconf 57' lang='lat' dir='ltr'><strong>Reiskius.</strong></span> <span class='ocrx_word' id='word_1_364' title='bbox 1269 3357 1432 3410; x_wconf 86' lang='lat' dir='ltr'><strong>‘Mihi</strong></span> <span class='ocrx_word' id='word_1_365' title='bbox 1468 3357 1686 3426; x_wconf 86' lang='lat' dir='ltr'><strong>quidem</strong></span> <span class='ocrx_word' id='word_1_366' title='bbox 1725 3363 1780 3408; x_wconf 83' lang='lat' dir='ltr'><strong>et</strong></span> <span class='ocrx_word' id='word_1_367' title='bbox 1815 3345 1966 3424; x_wconf 80' lang='grc' dir='ltr'>ὅμως</span> <span class='ocrx_word' id='word_1_368' title='bbox 2004 3363 2060 3408; x_wconf 92' lang='lat' dir='ltr'><strong>et</strong></span> <span class='ocrx_word' id='word_1_369' title='bbox 2095 3347 2200 3408; x_wconf 73' lang='grc' dir='ltr'><strong>οὐκ</strong></span> <span class='ocrx_word' id='word_1_370' title='bbox 2238 3357 2528 3409; x_wconf 86' lang='lat' dir='ltr'><strong>delendum</strong></span> <span class='ocrx_word' id='word_1_371' title='bbox 2557 3358 2794 3409; x_wconf 81' lang='lat' dir='ltr'><strong>videtur.</strong></span> 
     </span>
     <span class='ocr_line' id='line_1_35' title="bbox 506 3443 2793 3511; baseline -0.001 -15"><span class='ocrx_word' id='word_1_372' title='bbox 506 3443 736 3496; x_wconf 83' lang='lat' dir='ltr'><strong>Sensus:</strong></span> <span class='ocrx_word' id='word_1_373' title='bbox 774 3452 908 3495; x_wconf 77' lang='lat' dir='ltr'><strong>esset</strong></span> <span class='ocrx_word' id='word_1_374' title='bbox 948 3446 1087 3511; x_wconf 83' lang='lat' dir='ltr'><strong>quod</strong></span> <span class='ocrx_word' id='word_1_375' title='bbox 1118 3448 1169 3493; x_wconf 78' lang='lat' dir='ltr'><strong>in</strong></span> <span class='ocrx_word' id='word_1_376' title='bbox 1204 3443 1358 3502; x_wconf 75' lang='lat' dir='ltr'><strong>vohis,</strong></span> <span class='ocrx_word' id='word_1_377' title='bbox 1398 3445 1485 3509; x_wconf 76' lang='lat' dir='ltr'><strong>qm·</strong></span> <span class='ocrx_word' id='word_1_378' title='bbox 1504 3443 1748 3508; x_wconf 78' lang='lat' dir='ltr'><strong>Philippo</strong></span> <span class='ocrx_word' id='word_1_379' title='bbox 1785 3445 2048 3496; x_wconf 77' lang='lat' dir='ltr'><strong>adversati</strong></span> <span class='ocrx_word' id='word_1_380' title='bbox 2079 3445 2217 3504; x_wconf 73' lang='lat' dir='ltr'><strong>estis,</strong></span> <span class='ocrx_word' id='word_1_381' title='bbox 2255 3443 2568 3508; x_wconf 67' lang='lat' dir='ltr'><strong>reprehendi</strong></span> <span class='ocrx_word' id='word_1_382' title='bbox 2599 3451 2793 3508; x_wconf 74' lang='lat' dir='ltr'><strong>posset.</strong></span> 
     </span>
     <span class='ocr_line' id='line_1_36' title="bbox 506 3517 2794 3596; baseline -0 -17"><span class='ocrx_word' id='word_1_383' title='bbox 506 3529 817 3596; x_wconf 89' lang='lat' dir='ltr'><strong>Opponitur</strong></span> <span class='ocrx_word' id='word_1_384' title='bbox 862 3527 941 3582; x_wconf 81' lang='lat' dir='ltr'><strong>v‘s.</strong></span> <span class='ocrx_word' id='word_1_385' title='bbox 990 3527 1079 3578; x_wconf 83' lang='lat'><strong>26:</strong></span> <span class='ocrx_word' id='word_1_386' title='bbox 1136 3526 1255 3586; x_wconf 72' lang='grc' dir='ltr'><strong>πῶς</strong></span> <span class='ocrx_word' id='word_1_387' title='bbox 1302 3517 1407 3593; x_wconf 72' lang='grc' dir='ltr'><strong>οὐχ</strong></span> <span class='ocrx_word' id='word_1_388' title='bbox 1450 3518 1725 3577; x_wconf 74' lang='grc' dir='ltr'><em>ἁπάντων</em></span> <span class='ocrx_word' id='word_1_389' title='bbox 1771 3525 1908 3578; x_wconf 57' lang='grc' dir='ltr'><strong>κτλ]</strong></span> <span class='ocrx_word' id='word_1_390' title='bbox 1957 3527 2394 3580; x_wconf 83' lang='lat' dir='ltr'><strong>Schaeferus.</strong></span> <span class='ocrx_word' id='word_1_391' title='bbox 2469 3527 2794 3578; x_wconf 76' lang='lat' dir='ltr'><strong>civitatium</strong></span> 
     </span>
     <span class='ocr_line' id='line_1_37' title="bbox 506 3611 2798 3679; baseline -0 -16"><span class='ocrx_word' id='word_1_392' title='bbox 506 3629 617 3663; x_wconf 90' lang='lat' dir='ltr'><strong>non</strong></span> <span class='ocrx_word' id='word_1_393' title='bbox 661 3619 781 3664; x_wconf 86' lang='lat' dir='ltr'><strong>erat</strong></span> <span class='ocrx_word' id='word_1_394' title='bbox 828 3615 1157 3679; x_wconf 88' lang='lat' dir='ltr'><strong>minimeque</strong></span> <span class='ocrx_word' id='word_1_395' title='bbox 1206 3611 1598 3664; x_wconf 85' lang='lat' dir='ltr'><strong>Demosthenis</strong></span> <span class='ocrx_word' id='word_1_396' title='bbox 1645 3613 1787 3663; x_wconf 84' lang='lat' dir='ltr'><strong>ratio</strong></span> <span class='ocrx_word' id='word_1_397' title='bbox 1835 3612 2272 3677; x_wconf 86' lang='lat' dir='ltr'><strong>reprehendendi</strong></span> <span class='ocrx_word' id='word_1_398' title='bbox 2311 3628 2405 3663; x_wconf 90' lang='lat' dir='ltr'><strong>eos</strong></span> <span class='ocrx_word' id='word_1_399' title='bbox 2443 3614 2536 3677; x_wconf 90' lang='lat' dir='ltr'><strong>qui</strong></span> <span class='ocrx_word' id='word_1_400' title='bbox 2565 3613 2798 3664; x_wconf 80' lang='lat' dir='ltr'><strong>&#39;fortiter</strong></span> 
     </span>
     <span class='ocr_line' id='line_1_38' title="bbox 509 3689 2794 3765; baseline 0.001 -17"><span class='ocrx_word' id='word_1_401' title='bbox 509 3701 701 3748; x_wconf 82' lang='lat' dir='ltr'><strong>contra</strong></span> <span class='ocrx_word' id='word_1_402' title='bbox 764 3698 975 3748; x_wconf 89' lang='lat' dir='ltr'><strong>hostem</strong></span> <span class='ocrx_word' id='word_1_403' title='bbox 1031 3701 1440 3765; x_wconf 77' lang='lat' dir='ltr'><strong>pugnaverant,</strong></span> <span class='ocrx_word' id='word_1_404' title='bbox 1510 3689 1760 3763; x_wconf 75' lang='lat' dir='ltr'><strong>quamvis</strong></span> <span class='ocrx_word' id='word_1_405' title='bbox 1817 3702 2015 3762; x_wconf 84' lang='lat' dir='ltr'><strong>postca</strong></span> <span class='ocrx_word' id='word_1_406' title='bbox 2069 3698 2240 3748; x_wconf 90' lang='lat' dir='ltr'><strong>otium</strong></span> <span class='ocrx_word' id='word_1_407' title='bbox 2291 3702 2571 3763; x_wconf 82' lang='lat' dir='ltr'><strong>agentem.</strong></span> <span class='ocrx_word' id='word_1_408' title='bbox 2655 3698 2794 3750; x_wconf 86' lang='lat' dir='ltr'><strong>Vide</strong></span> 
     </span>
     <span class='ocr_line' id='line_1_39' title="bbox 506 3781 2796 3848; baseline 0 -16"><span class='ocrx_word' id='word_1_409' title='bbox 506 3781 665 3832; x_wconf 88' lang='lat' dir='ltr'><strong>modo</strong></span> <span class='ocrx_word' id='word_1_410' title='bbox 712 3795 833 3832; x_wconf 89' lang='lat' dir='ltr'><strong>eum</strong></span> <span class='ocrx_word' id='word_1_411' title='bbox 869 3781 1012 3833; x_wconf 89' lang='lat' dir='ltr'><strong>Phil.</strong></span> <span class='ocrx_word' id='word_1_412' title='bbox 1046 3785 1075 3836; x_wconf 93' lang='grc' dir='ltr'>Ι</span> <span class='ocrx_word' id='word_1_413' title='bbox 1108 3783 1157 3844; x_wconf 69' lang='grc' dir='ltr'><strong>ἓ.</strong></span> <span class='ocrx_word' id='word_1_414' title='bbox 1196 3783 1261 3833; x_wconf 82' lang='grc'><strong>42</strong></span> <span class='ocrx_word' id='word_1_415' title='bbox 1306 3782 1471 3848; x_wconf 84' lang='lat' dir='ltr'><strong>plane</strong></span> <span class='ocrx_word' id='word_1_416' title='bbox 1518 3783 1800 3834; x_wconf 88' lang='lat' dir='ltr'><strong>contraria</strong></span> <span class='ocrx_word' id='word_1_417' title='bbox 1846 3782 2138 3833; x_wconf 86' lang='lat' dir='ltr'><strong>dicentem.</strong></span> <span class='ocrx_word' id='word_1_418' title='bbox 2211 3798 2246 3833; x_wconf 88' lang='lat' dir='ltr'><strong>a</strong></span> <span class='ocrx_word' id='word_1_419' title='bbox 2291 3797 2402 3848; x_wconf 89' lang='lat' dir='ltr'><strong>qua</strong></span> <span class='ocrx_word' id='word_1_420' title='bbox 2436 3783 2654 3833; x_wconf 83' lang='lat' dir='ltr'><strong>ratione</strong></span> <span class='ocrx_word' id='word_1_421' title='bbox 2690 3799 2796 3834; x_wconf 86' lang='lat' dir='ltr'><strong>nec</strong></span> 
     </span>
     <span class='ocr_line' id='line_1_40' title="bbox 506 3865 2798 3934; baseline -0 -14"><span class='ocrx_word' id='word_1_422' title='bbox 506 3872 633 3934; x_wconf 86' lang='lat' dir='ltr'><strong>post</strong></span> <span class='ocrx_word' id='word_1_423' title='bbox 674 3865 879 3916; x_wconf 88' lang='lat' dir='ltr'><strong>bellum</strong></span> <span class='ocrx_word' id='word_1_424' title='bbox 912 3867 1199 3920; x_wconf 83' lang='lat' dir='ltr'><strong>Phocense</strong></span> <span class='ocrx_word' id='word_1_425' title='bbox 1246 3867 1483 3932; x_wconf 83' lang='lat' dir='ltr'><strong>finitum,</strong></span> <span class='ocrx_word' id='word_1_426' title='bbox 1532 3867 1602 3918; x_wconf 89' lang='lat' dir='ltr'><strong>de</strong></span> <span class='ocrx_word' id='word_1_427' title='bbox 1639 3883 1744 3934; x_wconf 85' lang='lat' dir='ltr'><strong>quo</strong></span> <span class='ocrx_word' id='word_1_428' title='bbox 1780 3869 2233 3918; x_wconf 81' lang='lat' dir='ltr'><strong>Westermannus</strong></span> <span class='ocrx_word' id='word_1_429' title='bbox 2269 3867 2412 3918; x_wconf 86' lang='lat' dir='ltr'><strong>bene</strong></span> <span class='ocrx_word' id='word_1_430' title='bbox 2449 3867 2672 3933; x_wconf 87' lang='lat' dir='ltr'><strong>quidem</strong></span> <span class='ocrx_word' id='word_1_431' title='bbox 2709 3885 2798 3920; x_wconf 88' lang='lat' dir='ltr'><strong>co-</strong></span> 
     </span>
     <span class='ocr_line' id='line_1_41' title="bbox 508 3951 2796 4020; baseline 0 -17"><span class='ocrx_word' id='word_1_432' title='bbox 508 3952 738 4020; x_wconf 79' lang='lat' dir='ltr'><strong>gitavit,</strong></span> <span class='ocrx_word' id='word_1_433' title='bbox 783 3951 1041 4002; x_wconf 86' lang='lat' dir='ltr'><strong>recedere</strong></span> <span class='ocrx_word' id='word_1_434' title='bbox 1086 3957 1307 4017; x_wconf 83' lang='lat' dir='ltr'><strong>poterat</strong></span> <span class='ocrx_word' id='word_1_435' title='bbox 1346 3955 1569 4019; x_wconf 84' lang='lat' dir='ltr'><strong>patriae</strong></span> <span class='ocrx_word' id='word_1_436' title='bbox 1611 3953 1826 4020; x_wconf 82' lang='lat' dir='ltr'><strong>gloriae</strong></span> <span class='ocrx_word' id='word_1_437' title='bbox 1873 3957 2057 4004; x_wconf 85' lang='lat' dir='ltr'><strong>orator</strong></span> <span class='ocrx_word' id='word_1_438' title='bbox 2103 3953 2534 4004; x_wconf 86' lang='lat' dir='ltr'><strong>amantissimus.</strong></span> <span class='ocrx_word' id='word_1_439' title='bbox 2603 3953 2796 4018; x_wconf 79' lang='lat' dir='ltr'><strong>Neque</strong></span> 
     </span>
     <span class='ocr_line' id='line_1_42' title="bbox 506 4037 2794 4103; baseline -0.001 -13"><span class='ocrx_word' id='word_1_440' title='bbox 506 4039 669 4090; x_wconf 86' lang='lat' dir='ltr'><strong>video</strong></span> <span class='ocrx_word' id='word_1_441' title='bbox 717 4037 1135 4103; x_wconf 89' lang='lat' dir='ltr'><strong>oppositionem.</strong></span> <span class='ocrx_word' id='word_1_442' title='bbox 1206 4038 1321 4088; x_wconf 92' lang='lat' dir='ltr'><strong>Imo</strong></span> <span class='ocrx_word' id='word_1_443' title='bbox 1366 4039 1533 4092; x_wconf 87' lang='lat' dir='ltr'><strong>unice</strong></span> <span class='ocrx_word' id='word_1_444' title='bbox 1578 4054 1766 4089; x_wconf 83' lang='lat' dir='ltr'><strong>veram</strong></span> <span class='ocrx_word' id='word_1_445' title='bbox 1807 4038 2144 4090; x_wconf 87' lang='lat' dir='ltr'><strong>sententiam</strong></span> <span class='ocrx_word' id='word_1_446' title='bbox 2181 4037 2462 4090; x_wconf 85' lang='lat' dir='ltr'><strong>intellexit</strong></span> <span class='ocrx_word' id='word_1_447' title='bbox 2495 4037 2794 4089; x_wconf 73' lang='lat' dir='ltr'><strong>Victorius.</strong></span> 
     </span>
     <span class='ocr_line' id='line_1_43' title="bbox 508 4112 2794 4190; baseline 0 -16"><span class='ocrx_word' id='word_1_448' title='bbox 508 4125 617 4175; x_wconf 85' lang='lat' dir='ltr'><strong>Sed</strong></span> <span class='ocrx_word' id='word_1_449' title='bbox 664 4123 861 4174; x_wconf 79' lang='lat' dir='ltr'><strong>eadem</strong></span> <span class='ocrx_word' id='word_1_450' title='bbox 904 4123 1188 4174; x_wconf 87' lang='lat' dir='ltr'><strong>sententia</strong></span> <span class='ocrx_word' id='word_1_451' title='bbox 1232 4121 1477 4174; x_wconf 79' lang='lat' dir='ltr'><strong>efficitur</strong></span> <span class='ocrx_word' id='word_1_452' title='bbox 1518 4122 1721 4174; x_wconf 81' lang='lat' dir='ltr'><strong>deletis</strong></span> <span class='ocrx_word' id='word_1_453' title='bbox 1765 4112 1915 4188; x_wconf 75' lang='grc' dir='ltr'>ὅμως</span> <span class='ocrx_word' id='word_1_454' title='bbox 1961 4129 2018 4174; x_wconf 86' lang='lat' dir='ltr'><strong>et</strong></span> <span class='ocrx_word' id='word_1_455' title='bbox 2061 4113 2194 4186; x_wconf 72' lang='grc' dir='ltr'><strong>οὐκ,</strong></span> <span class='ocrx_word' id='word_1_456' title='bbox 2249 4122 2296 4174; x_wconf 83' lang='lat' dir='ltr'><strong>si</strong></span> <span class='ocrx_word' id='word_1_457' title='bbox 2340 4122 2794 4190; x_wconf 77' lang='lat' dir='ltr'><strong>interrogationis</strong></span> 
     </span>
     <span class='ocr_line' id='line_1_44' title="bbox 508 4206 2792 4275; baseline -0.001 -15"><span class='ocrx_word' id='word_1_458' title='bbox 508 4209 667 4274; x_wconf 78' lang='lat' dir='ltr'><strong>signo</strong></span> <span class='ocrx_word' id='word_1_459' title='bbox 716 4209 883 4260; x_wconf 88' lang='lat' dir='ltr'><strong>etiam</strong></span> <span class='ocrx_word' id='word_1_460' title='bbox 928 4212 1053 4274; x_wconf 89' lang='lat' dir='ltr'><strong>post</strong></span> <span class='ocrx_word' id='word_1_461' title='bbox 1085 4206 1404 4274; x_wconf 70' lang='grc' dir='ltr'><strong><em>κατηγορία</em></strong></span> <span class='ocrx_word' id='word_1_462' title='bbox 1438 4208 1812 4273; x_wconf 72' lang='lat' dir='ltr'><strong>inter-pungis,</strong></span> <span class='ocrx_word' id='word_1_463' title='bbox 1857 4215 1918 4258; x_wconf 87' lang='lat' dir='ltr'><strong>ut</strong></span> <span class='ocrx_word' id='word_1_464' title='bbox 1953 4208 2292 4275; x_wconf 83' lang='lat' dir='ltr'><strong>interpunxit</strong></span> <span class='ocrx_word' id='word_1_465' title='bbox 2325 4207 2792 4270; x_wconf 84' lang='lat' dir='ltr'><strong>Wunderlichius,</strong></span> 
     </span>
     <span class='ocr_line' id='line_1_45' title="bbox 508 4292 2794 4360; baseline 0 -18"><span class='ocrx_word' id='word_1_466' title='bbox 508 4308 613 4342; x_wconf 84' lang='lat' dir='ltr'><strong>nec</strong></span> <span class='ocrx_word' id='word_1_467' title='bbox 646 4295 705 4344; x_wconf 90' lang='lat' dir='ltr'><strong>in</strong></span> <span class='ocrx_word' id='word_1_468' title='bbox 738 4299 985 4347; x_wconf 83' lang='lat' dir='ltr'><strong>veterem</strong></span> <span class='ocrx_word' id='word_1_469' title='bbox 1022 4293 1415 4346; x_wconf 82' lang='lat' dir='ltr'><strong>obscuritatem</strong></span> <span class='ocrx_word' id='word_1_470' title='bbox 1450 4298 1730 4344; x_wconf 86' lang='lat' dir='ltr'><strong>revertere</strong></span> <span class='ocrx_word' id='word_1_471' title='bbox 1767 4293 2072 4346; x_wconf 86' lang='lat' dir='ltr'><strong>debuerunt</strong></span> <span class='ocrx_word' id='word_1_472' title='bbox 2109 4295 2228 4360; x_wconf 82' lang='lat' dir='ltr'><strong>ipse</strong></span> <span class='ocrx_word' id='word_1_473' title='bbox 2263 4292 2549 4346; x_wconf 84' lang='lat' dir='ltr'><strong>Wunderl.</strong></span> <span class='ocrx_word' id='word_1_474' title='bbox 2588 4299 2646 4344; x_wconf 91' lang='lat' dir='ltr'><strong>et</strong></span> <span class='ocrx_word' id='word_1_475' title='bbox 2667 4293 2794 4344; x_wconf 83' lang='lat' dir='ltr'><strong>Dis-</strong></span> 
     </span>
     <span class='ocr_line' id='line_1_46' title="bbox 510 4376 2794 4444; baseline 0.001 -19"><span class='ocrx_word' id='word_1_476' title='bbox 510 4376 714 4426; x_wconf 86' lang='lat' dir='ltr'><strong>senius.</strong></span> <span class='ocrx_word' id='word_1_477' title='bbox 784 4378 869 4430; x_wconf 91' lang='lat' dir='ltr'><strong>De</strong></span> <span class='ocrx_word' id='word_1_478' title='bbox 912 4379 1191 4430; x_wconf 88' lang='lat' dir='ltr'><strong>sententia</strong></span> <span class='ocrx_word' id='word_1_479' title='bbox 1230 4377 1341 4430; x_wconf 89' lang='lat' dir='ltr'><strong>loci</strong></span> <span class='ocrx_word' id='word_1_480' title='bbox 1378 4394 1498 4430; x_wconf 88' lang='lat' dir='ltr'><strong>cum</strong></span> <span class='ocrx_word' id='word_1_481' title='bbox 1529 4378 1780 4430; x_wconf 70' lang='lat' dir='ltr'><strong>victorio</strong></span> <span class='ocrx_word' id='word_1_482' title='bbox 1817 4383 1969 4430; x_wconf 87' lang='lat' dir='ltr'><strong>stant</strong></span> <span class='ocrx_word' id='word_1_483' title='bbox 2003 4379 2436 4430; x_wconf 81' lang='lat' dir='ltr'><strong>Rauchenstein.</strong></span> <span class='ocrx_word' id='word_1_484' title='bbox 2471 4378 2508 4428; x_wconf 88' lang='lat' dir='ltr'><strong>l.</strong></span> <span class='ocrx_word' id='word_1_485' title='bbox 2549 4395 2600 4428; x_wconf 91' lang='lat' dir='ltr'><strong>c.</strong></span> <span class='ocrx_word' id='word_1_486' title='bbox 2637 4395 2690 4444; x_wconf 87' lang='lat' dir='ltr'><strong>p.</strong></span> <span class='ocrx_word' id='word_1_487' title='bbox 2733 4377 2794 4428; x_wconf 77' lang='lat'><strong>14</strong></span> 
     </span>
    </p>
   </div>
   <div class='ocr_carea' id='block_1_6' title="bbox 2370 1466 2580 1485">
    <p class='ocr_par' dir='ltr' id='par_1_6' title="bbox 2370 1466 2580 1485">
     <span class='ocr_line' id='line_1_47' title="bbox 2370 1466 2580 1485; baseline 0 3453"><span class='ocrx_word' id='word_1_488' title='bbox 2370 1466 2580 1485; x_wconf 95' lang='lat' dir='ltr'><strong> </strong></span> 
     </span>
    </p>
   </div>
  </div>
 </body>
</html>
