3084 4938
792 357 1237 401 numos-rueme
1269 358 1501 399 onum
1532 358 1618 397 nn
1649 355 1911 399 cenom.
2403 342 2480 402 75

198 504 777 601 ιταρην(ῑόχλησθε8
826 506 891 581 δ’
932 504 1154 599 coms?
1198 515 1269 581 οἱ
1310 513 1421 581 καὶ
1468 513 1630 601 πρὶν
1675 505 1779 599 ἔμ’
1822 517 2037 581 εἰπεῖν
2069 502 2298 581 ὁτιοῦν
2313 504 2361 543 ¹⁰
2396 515 2482 579 εἰ·

202 612 389 717 δότες
426 610 557 702 τὴν
586 611 829 683 τούτου
863 606 1065 683 voven
1104 606 1590 705 μισθινιρνίοιν.12
1659 610 1802 703 (51)
1855 618 2068 681 καίτοι
2104 616 2338 701 φιλίαν
2370 604 2480 699 γε’

206 829 285 875 iss
324 816 541 875 habere
577 834 685 875 non
716 825 979 893 possunt.
1022 817 1225 873 eluere.
1300 816 1393 873 sed
1424 815 1674 875 molestis
1705 817 1944 875 fortasse
1971 816 2152 873 affecti
2181 816 2344 879 estis.
2389 817 2484 889 qui

202 906 353 979 prius
396 904 567 959 etiam
608 918 769 977 qnam
811 902 1063 959 dixissem
1096 900 1267 959 ullum
1296 918 1401 975 ego
1434 902 1656 959 verbum
1689 902 1832 959 illam
1863 903 2024 959 istius
2053 917 2276 976 operam
2305 902 2484 957 nostis

204 1126 645 1188 ἀποκλύσασθαι
680 1134 903 1199 ποτίμῳ
936 1129 1103 1201 λόγῳ.
1172 1132 1295 1185 Hoc
1330 1133 1523 1185 ordine
1561 1134 1760 1187 citavit
1791 1133 2110 1201 Philosophi
2143 1134 2316 1187 verba
2337 1134 2482 1185 Rhe·

206 1226 297 1272 tor.
380 1220 537 1287 ‘Ego
586 1234 721 1270 vero
766 1232 1093 1285 quamquam
1138 1234 1245 1269 non
1291 1219 1666 1287 inelegantem
1710 1224 1840 1285 puto
1885 1220 2260 1271 coniecturam
2304 1218 2479 1283 illam,

205 1320 305 1370 qua
346 1305 677 1371 metaphora
721 1320 819 1369 per
860 1302 1113 1371 singulas
1160 1304 1475 1354 sententiae
1509 1310 1700 1371 partes
1735 1303 1862 1355 duci
1894 1304 2176 1363 videatur,
2221 1310 2407 1357 tamen
2445 1320 2480 1355 a

206 1390 440 1440 lectione
476 1390 629 1456 vulg.
668 1388 1059 1439 discedendum
1096 1402 1207 1439 non
1232 1402 1357 1438 esse
1383 1404 1601 1440 censeo.
1670 1403 1799 1439 nam
1822 1388 2204 1456 pervulgatum
2231 1394 2316 1440 est
2336 1378 2479 1439 α’πο-

204 1466 487 1525 λόσασθαι
524 1467 628 1534 τοὶς
663 1469 856 1533 αἰτίας
894 1470 977 1541 [et
1012 1464 1435 1523 κατασκεδάσαι
1470 1464 1735 1537 ἀτιμίαν,
1773 1460 1942 1539 ὕβριν
1974 1473 2091 1524 κτλ.
2126 1474 2197 1523 de
2235 1488 2340 1539 quo
2377 1488 2478 1523 usu

208 1559 307 1609 vid.
348 1560 607 1613 Pierson.
654 1560 727 1610 ad
772 1558 999 1609 Moerid.
1037 1574 1089 1625 p.
1127 1556 1229 1607 219
1262 1556 1387 1624 sq.].
1456 1556 1548 1608 Cf.
1585 1556 1762 1608 Rhod.
1797 1559 1846 1618 §-
1882 1557 1942 1607 2:
1989 1556 2356 1625 βλασφημίας
2379 1594 2392 1608 .
2419 1594 2434 1608 .
2459 1594 2476 1609 .

204 1632 622 1695 ᾰαολόσασθαι.
694 1643 831 1695 Add.
878 1642 1160 1707 Wyttenb.
1206 1644 1383 1709 Epist.
1430 1640 1568 1694 Crit.
1607 1644 1664 1692 in
1700 1640 1842 1707 Opp.
1878 1643 1942 1691 Τ.
1978 1641 2006 1692 Ι
2039 1659 2092 1707 p.
2127 1642 2213 1692 65.
2251 1640 2476 1707 [Lysiae

211 1744 278 1780 or.
320 1730 377 1779 iu
418 1729 591 1797 Ager.
636 1730 686 1791 §-
734 1728 826 1779 75:
878 1723 985 1795 τὴν
1034 1718 1182 1792 ὑπὲρ
1227 1726 1518 1793 Φρυνίχου
1564 1720 1763 1777 αἰτίαν
1807 1716 1948 1789 πρὸς
1992 1718 2124 1784 τοὺς
2170 1718 2478 1789 τριάκοντα

208 1801 473 1865 ᾰκελόσω.
549 1814 800 1865 Achilles
836 1814 961 1865 Tat.
996 1814 1101 1875 VI,
1139 1814 1197 1863 2:
1246 1810 1344 1864 ἵνα
1380 1825 1470 1863 σοι
1506 1802 1650 1877 πρὸς
1677 1804 2046 1875 Θέρσανδρον
2080 1801 2117 1876 ἡ
2154 1807 2254 1877 τῆς
2289 1804 2480 1868 αἰτίας

210 1887 468 1957 ἀπόλυσις
513 1886 615 1965 ἦ.].
684 1898 903 1949 Deinde
948 1896 1135 1949 nescio
1172 1912 1243 1947 an
1279 1912 1391 1947 non
1424 1898 1602 1963 possit
1637 1895 1852 1948 Graece
1889 1896 2001 1947 dici
2036 1884 2480 1947 ἄπολοόσασθαι

212 1988 295 2032 snt
325 1973 777 2035 α’ποτιλύσασθαι
812 1974 915 2041 τὰς
951 1975 1159 2041 αἰτίας.
1195 1973 1302 2048 τὴν
1339 1972 1733 2046 ἑωλοκρασίαν
1767 1972 1911 2046 πρός
1945 1996 2098 2045 τινα,
2135 1980 2282 2047 apud
2317 1995 2478 2046 quem

212 2062 399 2130 [eoram
445 2066 583 2135 quo]
632 2084 735 2119 nos
780 2058 1091 2135 purgamus.
1164 2067 1279 2117 Imo
1312 2082 1535 2130 vereor,
1581 2082 1653 2118 ne
1691 2066 1860 2117 etiam
1893 2066 2000 2117 hoc
2033 2066 2177 2117 inter
2213 2066 2478 2117 orationis

214 2158 434 2204 monstra
480 2171 553 2205 ac
596 2158 857 2220 portenta
890 2151 1193 2203 Aeschines
1228 2148 1637 2204 recensuisset!
1682 2150 2222 2202 Bauchenstein.
2260 2150 2298 2203 l.
2335 2168 2382 2205 c.
2419 2167 2474 2217 p.

214 2234 266 2285 13
306 2242 361 2287 et
396 2238 456 2289 in
492 2238 707 2290 Bremii
738 2238 889 2289 Edit.
926 2236 1085 2287 huius
1122 2240 1262 2287 orat.
1336 2235 1690 2301 ‘Metaphora
1712 2270 1727 2285 .
1757 2272 1772 2286 .
1798 2272 1813 2287 .
1841 2240 1927 2286 est
1962 2251 2028 2287 ex
2067 2235 2474 2301 audacioribus,

214 2323 585 2387 asperioribus,
627 2322 819 2389 quales
856 2321 1153 2371 admittunt
1188 2321 1483 2385 scriptores
1516 2319 1576 2370 in
1612 2320 2036 2386 reprehensione
2067 2325 2124 2371 et
2145 2322 2232 2371 ira
2253 2326 2476 2389 propter

211 2418 553 2472 sarcasmum,
588 2408 689 2459 sed
722 2422 835 2457 non
866 2404 1279 2457 continuandae
1312 2409 1439 2455 sunt
1473 2404 1678 2455 diutius
1707 2420 1806 2472 per
1829 2420 2016 2457 omnes
2038 2412 2248 2474 partes,
2283 2421 2354 2455 ne
2375 2422 2472 2472 pu·

214 2491 347 2543 tides
380 2493 555 2546 fiant)
602 2494 871 2544 Dissen.
997 2491 1055 2554 8)
1089 2489 1581 2556 παρηνωχλησθαι
1618 2488 1684 2540 Σ.
1810 2487 1863 2552 9)
1903 2482 1968 2540 δὲ
2003 2487 2104 2542 καὶ
2137 2482 2303 2558 ὑμεῖς
2341 2488 2475 2549 ἴσως

212 2575 343 2642 vulg.
385 2578 425 2630 i.
470 2595 526 2644 q.
570 2580 671 2630 sed
710 2580 861 2628 edam
902 2591 993 2630 vos
1034 2576 1285 2626 seniores.
1334 2601 1398 2609 —-
1442 2569 1544 2624 καὶ
1587 2590 1673 2625 om
1697 2574 1871 2640 Augl.
1905 2574 1955 2626 lc.
1991 2592 2036 2628 s.
2072 2576 2268 2628 Vindl.
2301 2577 2470 2628 Barb.

210 2659 347 2710 Pus.
420 2661 719 2716 ‘Voculam
762 2657 861 2712 ml
906 2665 1061 2714 recte
1100 2659 1295 2712 abesse
1330 2673 1525 2710 sensns
1561 2658 1674 2710 loci
1709 2660 2004 2712 manifesto
2039 2660 2220 2712 docet.
2292 2661 2473 2712 Iunio·

212 2760 287 2796 res
338 2747 481 2800 enim
538 2746 671 2798 inde
728 2747 963 2798 traxisse
1010 2745 1315 2796 molestiam
1358 2744 1451 2796 nbi
1497 2745 1714 2796 dixerat
1753 2743 2221 2796 Demosthenes?’
2275 2745 2472 2795 Wun-

211 2828 481 2886 derlich.
520 2830 711 2883 Praei.
747 2847 801 2896 p.
836 2830 951 2880 XL.
1000 2857 1065 2865 —
1113 2830 1263 2880 ‘Non
1306 2830 1523 2882 dixerat
1567 2829 1666 2882 sed
1707 2830 1828 2896 ipse
1875 2835 2104 2896 ceperat
2147 2827 2474 2887 molestiam,

212 2929 357 2978 quum
398 2918 499 2970 illa
546 2915 817 2967 iuniorum
860 2929 1033 2966 causa
1078 2931 1337 2966 enarrare
1376 2921 1682 2982 cogeretur.
1755 2915 1905 2967 Cave
1941 2916 2112 2981 igitur
2145 2913 2476 2980 particulam

212 2998 425 3054 eiiciasss
472 2999 824 3054 Schaefer.
869 3025 937 3034 ——
985 2999 1085 3050 ‘At
1123 3001 1352 3067 primum
1388 3000 1700 3052 molestiam
1734 3015 1794 3050 se
1833 3015 1864 3050 e
1899 2999 2218 3050 narratione
2256 2999 2474 3064 cepisse

215 3091 381 3136 orator
422 3086 613 3138 dicere
656 3101 766 3136 non
798 3085 994 3152 potuit.
1064 3090 1185 3136 tota
1220 3085 1436 3150 quidem
1475 3100 1648 3136 causa
1685 3101 1752 3135 ac
1788 3083 2132 3136 defensionis
2165 3083 2474 3136 necessitas

213 3166 497 3223 molestiam
534 3170 693 3232 facit,
730 3175 989 3236 suscepta
1024 3186 1155 3220 vero
1192 3185 1363 3222 causa
1397 3185 1507 3220 non
1541 3170 1778 3220 molesta
1811 3173 1972 3220 erant
1996 3185 2137 3234 quae
2161 3169 2474 3222 defensioni

213 3251 587 3308 inserviebant.
659 3255 872 3306 Deinde
909 3252 1307 3306 Demosthenes
1334 3289 1347 3306 .
1374 3289 1387 3304 .
1416 3291 1430 3304 .
1456 3254 1760 3305 iunioribus
1793 3269 1956 3320 quum
1989 3253 2090 3304 illa
2115 3292 2128 3305 .
2155 3291 2170 3306 .
2197 3291 2210 3306 .
2239 3269 2472 3320 expone-

214 3341 311 3398 ret,
344 3355 451 3392 non
485 3340 795 3391 molestiam
830 3339 1073 3406 paravit,
1114 3339 1213 3390 sed
1248 3343 1463 3405 gratum
1502 3339 1654 3402 feeit,
1691 3354 1802 3390 non
1839 3338 1978 3389 fecit
2013 3339 2341 3400 maioribus,
2381 3338 2474 3402 qui

214 3424 379 3474 omnia
420 3425 521 3478 illa
569 3425 841 3476 sciebant.
923 3425 1107 3486 Quare
1151 3424 1379 3476 verbum
1422 3416 1880 3490 παρηνώχλησθε
1925 3423 1982 3472 in
2029 3423 2191 3473 initio
2233 3423 2474 3488 positum

216 3509 301 3566 est,
336 3513 395 3559 nt
426 3511 607 3577 magis
642 3509 985 3562 indicaretur
1020 3509 1185 3560 aliter
1218 3509 1455 3560 maiores
1481 3547 1493 3560 .
1522 3546 1535 3559 .
1563 3545 1578 3558 .
1607 3524 1673 3559 ac
1708 3507 1950 3558 iuniores
1986 3513 2282 3559 commotos
2317 3505 2469 3558 esse’

217 3595 309 3640 etc.
350 3594 620 3646 Reuter.
659 3594 695 3644 l.
736 3611 783 3646 c.
821 3611 873 3661 p.
912 3595 1005 3644 lx.
1078 3592 1297 3660 Optime
1342 3591 1443 3646 nal
1487 3583 1654 3659 ὑμεῖς
1698 3608 1784 3642 om
1828 3591 1898 3646 Σ.
1943 3608 2008 3658 pr
2049 3593 2257 3644 Laura.
2383 3591 2470 3662 10)

218 3661 389 3726 ὁτιοῦν
422 3673 613 3732 εἰπεῖν
647 3679 797 3744 vulg.
844 3676 1117 3730 Solemnis
1140 3679 1288 3732 ordo,
1334 3678 1618 3728 Wunderl.
1645 3678 1830 3729 Praei.
1855 3694 1907 3744 p.
1933 3679 2078 3730 XLI.
2118 3679 2276 3746 Lept.
2301 3681 2349 3742 ξ.
2375 3679 2468 3732 92:

220 3746 332 3808 οὗθ’
362 3752 559 3815 ὁτιοῦν
595 3758 991 3829 διαφέρουσιν.
1028 3790 1093 3800 --
1130 3757 1317 3816 εἰπεῖν
1350 3753 1549 3814 ὁτιοῦν
1573 3761 1642 3812 Σ.
1671 3763 1874 3814 LaurS.
1903 3763 2074 3829 Augl.
2099 3763 2149 3814 lc.
2175 3783 2222 3816 r.
2248 3765 2468 3818 Amin-3.
2501 3739 2526 3831 ,ι’

221 3855 257 3889 ⁸.
286 3843 466 3898 Vindl.
490 3849 541 3900 4.
588 3846 651 3898 Y.
688 3847 853 3898 Barb.
894 3863 1013 3900 corr
1046 3848 1177 3898 Urb.
1207 3847 1279 3912 (p.
1308 3847 1405 3910 27³).
1478 3847 1714 3900 Gravius
1741 3848 1795 3900 h.
1821 3850 1858 3899 l.
1883 3851 2240 3920 praeponitur
2264 3847 2468 3916 εἰπεῖν.

222 3923 343 3982 Phil.
384 3932 411 3981 1
450 3935 499 3995 5.
547 3931 644 3982 29:
689 3924 934 3997 πάσχειν
976 3923 1190 3984 ὁτιοῦν.
1261 3923 1559 3998 ΑτὶεῒορὴΪ
1585 3933 1730 3984 Plut.
1776 3949 1856 3986 vs.
1903 3934 2032 3987 385:
2081 3927 2152 3986 οῦ
2188 3926 2464 3989 διοίσοντ’

222 3995 463 4080 ἆντιιρυς
486 4053 501 4069 .
528 4055 545 4070 .
570 4053 587 4070 .
610 4006 746 4068 οὔδ’
784 4009 997 4068 ὁτιοῦν.
1066 4017 1233 4068 Isocr.
1258 4015 1443 4068 Antid.
1469 4019 1517 4080 g.
1544 4017 1671 4068 225:
1707 4007 1880 4086 ἥδιον
1914 4011 1985 4072 τὰ
2022 4019 2134 4072 τῶν
2162 4013 2348 4072 ἄλλων
2373 4013 2468 4070 λα’·

226 4088 361 4154 5048,
388 4087 427 4166 ἦ
458 4101 624 4154 δοῖεν
659 4089 875 4165 ἑτέροις
910 4092 1105 4152 ὁτιοῦν
1138 4100 1251 4152 τῶν
1284 4096 1576 4168 σφετέρων
1599 4093 1806 4155 αὐτῶν.
1917 4104 1998 4166 ll)
2037 4097 2101 4154 τό
2126 4119 2186 4155 τε
2209 4097 2317 4168 τὴν
2340 4097 2470 4152 τοῦ·

225 4189 310 4228 ῒῦῡ
338 4180 411 4238 Ω.
444 4203 494 4236 ιι.
529 4185 732 4236 Vind3.
768 4185 918 4236 Man.
952 4185 1093 4252 Ang.
1127 4213 1195 4224 —-
1235 4179 1343 4254 τὴν
1376 4181 1503 4238 τότε
1538 4183 1744 4239 τούτου
1777 4203 1972 4240 recens
2007 4187 2263 4238 corrUrb.
2303 4184 2471 4246 (alter

231 4273 333 4312 corr
362 4281 437 4318 om
472 4261 643 4332 τότε).
678 4269 848 4320 Barb.
886 4267 1039 4320 Pall.
1146 4270 1228 4336 12)
1262 4268 1402 4337 πρὶν
1428 4309 1439 4322 .
1470 4311 1481 4322 .
1511 4309 1525 4323 .
1549 4272 1716 4337 μισθ.
1754 4287 1840 4322 om
1875 4271 2074 4334 prUrb.

340 4367 431 4425 ³1.
478 4371 527 4436 1)
575 4384 640 4422 τε
688 4369 837 4435 vulg.
880 4369 1146 4422 Alexand.
1194 4371 1293 4428 Rh.
1335 4374 1401 4426 T.
1436 4373 1571 4424 VIII
1609 4389 1661 4438 p.
1699 4371 1799 4420 445
1835 4384 1916 4436 sq.
1949 4393 2020 4404 —
2053 4381 2116 4432 γε
2153 4363 2223 4414 Σ.
2261 4365 2468 4418 Laan.
