<?xml version="1.0" encoding="UTF-8"?>
<!DOCTYPE html PUBLIC "-//W3C//DTD XHTML 1.0 Transitional//EN"
    "http://www.w3.org/TR/xhtml1/DTD/xhtml1-transitional.dtd">
<html xmlns="http://www.w3.org/1999/xhtml" xml:lang="en" lang="en">
 <head>
  <title>
</title>
<meta http-equiv="Content-Type" content="text/html;charset=utf-8" />
  <meta name='ocr-system' content='tesseract 3.04.00' />
  <meta name='ocr-capabilities' content='ocr_page ocr_carea ocr_par ocr_line ocrx_word'/>
</head>
<body>
  <div class='ocr_page' id='page_1' title='image "./decoronaetdefal00voemgoog_0010.png"; bbox 0 0 3084 4938; ppageno 0'>
   <div class='ocr_carea' id='block_1_1' title="bbox 399 358 1787 406">
    <p class='ocr_par' dir='ltr' id='par_1_1' title="bbox 399 358 1787 406">
     <span class='ocr_line' id='line_1_1' title="bbox 399 358 1787 406; baseline 0 0"><span class='ocrx_word' id='word_1_1' title='bbox 399 360 470 406; x_wconf 86' lang='lat' dir='ltr'>VI</span> <span class='ocrx_word' id='word_1_2' title='bbox 1368 358 1787 406; x_wconf 74' lang='lat' dir='ltr'><strong>PRAEFATIO.</strong></span> 
     </span>
    </p>
   </div>
   <div class='ocr_carea' id='block_1_2' title="bbox 399 515 2750 4457">
    <p class='ocr_par' dir='ltr' id='par_1_2' title="bbox 399 515 2750 4457">
     <span class='ocr_line' id='line_1_2' title="bbox 401 515 2727 595; baseline 0.001 -20"><span class='ocrx_word' id='word_1_3' title='bbox 401 515 648 576; x_wconf 89' lang='lat' dir='ltr'>duorum</span> <span class='ocrx_word' id='word_1_4' title='bbox 698 517 1019 576; x_wconf 85' lang='lat' dir='ltr'>amicorum</span> <span class='ocrx_word' id='word_1_5' title='bbox 1068 525 1414 594; x_wconf 84' lang='lat' dir='ltr'>argumenta</span> <span class='ocrx_word' id='word_1_6' title='bbox 1460 522 1711 584; x_wconf 77' lang='lat' dir='ltr'>stantes,</span> <span class='ocrx_word' id='word_1_7' title='bbox 1758 533 2117 594; x_wconf 82' lang='lat' dir='ltr'><strong>poneremus</strong></span> <span class='ocrx_word' id='word_1_8' title='bbox 2162 517 2375 595; x_wconf 87' lang='lat' dir='ltr'>partim</span> <span class='ocrx_word' id='word_1_9' title='bbox 2424 516 2553 577; x_wconf 84' lang='lat' dir='ltr'>illas</span> <span class='ocrx_word' id='word_1_10' title='bbox 2598 517 2727 578; x_wconf 89' lang='lat' dir='ltr'>lite-</span> 
     </span>
     <span class='ocr_line' id='line_1_3' title="bbox 400 616 2727 698; baseline 0.001 -20"><span class='ocrx_word' id='word_1_11' title='bbox 400 636 497 678; x_wconf 89' lang='lat' dir='ltr'>ras</span> <span class='ocrx_word' id='word_1_12' title='bbox 539 616 804 696; x_wconf 86' lang='lat' dir='ltr'>publicas</span> <span class='ocrx_word' id='word_1_13' title='bbox 851 635 978 678; x_wconf 77' lang='lat' dir='ltr'>esse</span> <span class='ocrx_word' id='word_1_14' title='bbox 1023 619 1236 696; x_wconf 85' lang='lat' dir='ltr'>petitas</span> <span class='ocrx_word' id='word_1_15' title='bbox 1279 637 1312 677; x_wconf 86' lang='lat' dir='ltr'>e</span> <span class='ocrx_word' id='word_1_16' title='bbox 1334 620 1614 692; x_wconf 71' lang='lat' dir='ltr'>qenuinis</span> <span class='ocrx_word' id='word_1_17' title='bbox 1651 618 1947 691; x_wconf 74' lang='lat' dir='ltr'>fontibu8‚</span> <span class='ocrx_word' id='word_1_18' title='bbox 1980 617 2176 696; x_wconf 86' lang='lat' dir='ltr'>qualia</span> <span class='ocrx_word' id='word_1_19' title='bbox 2220 619 2458 679; x_wconf 82' lang='lat' dir='ltr'>decreta</span> <span class='ocrx_word' id='word_1_20' title='bbox 2505 619 2727 698; x_wconf 76' lang='lat' dir='ltr'>Byzan·</span> 
     </span>
     <span class='ocr_line' id='line_1_4' title="bbox 402 718 2729 799; baseline 0.001 -21"><span class='ocrx_word' id='word_1_21' title='bbox 402 720 617 779; x_wconf 85' lang='lat' dir='ltr'>tiorum</span> <span class='ocrx_word' id='word_1_22' title='bbox 683 727 741 778; x_wconf 93' lang='lat' dir='ltr'>et</span> <span class='ocrx_word' id='word_1_23' title='bbox 799 720 1345 780; x_wconf 87' lang='lat' dir='ltr'>Chersonesitarum</span> <span class='ocrx_word' id='word_1_24' title='bbox 1411 718 1545 779; x_wconf 90' lang='lat' dir='ltr'>Cor.</span> <span class='ocrx_word' id='word_1_25' title='bbox 1594 719 1660 799; x_wconf 70' lang='lat'>§-</span> <span class='ocrx_word' id='word_1_26' title='bbox 1692 722 1772 783; x_wconf 86' lang='lat'>90</span> <span class='ocrx_word' id='word_1_27' title='bbox 1817 737 1934 796; x_wconf 88' lang='lat' dir='ltr'>sq.;</span> <span class='ocrx_word' id='word_1_28' title='bbox 1986 718 2127 779; x_wconf 88' lang='lat' dir='ltr'>alias</span> <span class='ocrx_word' id='word_1_29' title='bbox 2174 738 2247 780; x_wconf 85' lang='lat' dir='ltr'>ex</span> <span class='ocrx_word' id='word_1_30' title='bbox 2290 722 2417 799; x_wconf 87' lang='lat' dir='ltr'>ipsa</span> <span class='ocrx_word' id='word_1_31' title='bbox 2462 723 2729 781; x_wconf 89' lang='lat' dir='ltr'>oratione</span> 
     </span>
     <span class='ocr_line' id='line_1_5' title="bbox 400 819 2727 901; baseline 0.004 -22"><span class='ocrx_word' id='word_1_32' title='bbox 400 822 710 899; x_wconf 82' lang='lat' dir='ltr'>repetitaS,</span> <span class='ocrx_word' id='word_1_33' title='bbox 756 828 823 880; x_wconf 93' lang='lat' dir='ltr'>ut</span> <span class='ocrx_word' id='word_1_34' title='bbox 864 822 980 881; x_wconf 90' lang='lat' dir='ltr'>iam</span> <span class='ocrx_word' id='word_1_35' title='bbox 1029 819 1126 881; x_wconf 87' lang='lat' dir='ltr'>Fr.</span> <span class='ocrx_word' id='word_1_36' title='bbox 1159 821 1222 880; x_wconf 86' lang='grc' dir='ltr'>Α.</span> <span class='ocrx_word' id='word_1_37' title='bbox 1255 819 1499 880; x_wconf 88' lang='lat' dir='ltr'>Wolfius</span> <span class='ocrx_word' id='word_1_38' title='bbox 1544 820 1837 880; x_wconf 83' lang='lat' dir='ltr'>sentiebat</span> <span class='ocrx_word' id='word_1_39' title='bbox 1877 820 2045 899; x_wconf 87' lang='lat' dir='ltr'>Lept.</span> <span class='ocrx_word' id='word_1_40' title='bbox 2092 840 2149 900; x_wconf 89' lang='lat' dir='ltr'>p.</span> <span class='ocrx_word' id='word_1_41' title='bbox 2182 825 2305 886; x_wconf 87' lang='lat'>245</span> <span class='ocrx_word' id='word_1_42' title='bbox 2356 822 2445 900; x_wconf 88' lang='lat' dir='ltr'>(ad</span> <span class='ocrx_word' id='word_1_43' title='bbox 2495 843 2550 901; x_wconf 83' lang='lat' dir='ltr'>p.</span> <span class='ocrx_word' id='word_1_44' title='bbox 2584 829 2727 894; x_wconf 87' lang='grc'><strong>465.</strong></span> 
     </span>
     <span class='ocr_line' id='line_1_6' title="bbox 403 919 2725 1000; baseline 0.001 -19"><span class='ocrx_word' id='word_1_45' title='bbox 403 928 481 987; x_wconf 87' lang='grc'>16</span> <span class='ocrx_word' id='word_1_46' title='bbox 527 921 606 1000; x_wconf 86' lang='lat' dir='ltr'>R)</span> <span class='ocrx_word' id='word_1_47' title='bbox 655 921 718 1000; x_wconf 55' lang='grc' dir='ltr'>ὃ.</span> <span class='ocrx_word' id='word_1_48' title='bbox 767 927 848 986; x_wconf 83' lang='grc'>27</span> <span class='ocrx_word' id='word_1_49' title='bbox 898 920 1000 1000; x_wconf 84' lang='lat'>(=</span> <span class='ocrx_word' id='word_1_50' title='bbox 1043 924 1190 992; x_wconf 82' lang='grc'><strong>23),</strong></span> <span class='ocrx_word' id='word_1_51' title='bbox 1239 921 1341 981; x_wconf 89' lang='lat' dir='ltr'>ubi</span> <span class='ocrx_word' id='word_1_52' title='bbox 1385 919 1719 981; x_wconf 83' lang='lat' dir='ltr'>Dindorfius</span> <span class='ocrx_word' id='word_1_53' title='bbox 1763 921 1831 981; x_wconf 92' lang='lat' dir='ltr'>T.</span> <span class='ocrx_word' id='word_1_54' title='bbox 1878 921 1950 982; x_wconf 92' lang='lat' dir='ltr'>v1</span> <span class='ocrx_word' id='word_1_55' title='bbox 1994 941 2051 1000; x_wconf 89' lang='lat' dir='ltr'>p.</span> <span class='ocrx_word' id='word_1_56' title='bbox 2101 926 2225 988; x_wconf 87' lang='lat'>658</span> <span class='ocrx_word' id='word_1_57' title='bbox 2270 921 2423 984; x_wconf 88' lang='lat' dir='ltr'>bene</span> <span class='ocrx_word' id='word_1_58' title='bbox 2468 926 2725 984; x_wconf 89' lang='lat' dir='ltr'>monuit:</span> 
     </span>
     <span class='ocr_line' id='line_1_7' title="bbox 403 1015 2729 1101; baseline 0.002 -20"><span class='ocrx_word' id='word_1_59' title='bbox 403 1021 631 1083; x_wconf 74' lang='lat' dir='ltr'>‘Verba</span> <span class='ocrx_word' id='word_1_60' title='bbox 687 1022 835 1100; x_wconf 83' lang='lat' dir='ltr'>legis</span> <span class='ocrx_word' id='word_1_61' title='bbox 889 1023 986 1083; x_wconf 90' lang='lat' dir='ltr'>hic</span> <span class='ocrx_word' id='word_1_62' title='bbox 1042 1029 1107 1082; x_wconf 87' lang='lat' dir='ltr'>ut</span> <span class='ocrx_word' id='word_1_63' title='bbox 1163 1020 1302 1082; x_wconf 90' lang='lat' dir='ltr'>alibi</span> <span class='ocrx_word' id='word_1_64' title='bbox 1361 1040 1476 1082; x_wconf 90' lang='lat' dir='ltr'>non</span> <span class='ocrx_word' id='word_1_65' title='bbox 1531 1040 1671 1082; x_wconf 88' lang='lat' dir='ltr'>raro</span> <span class='ocrx_word' id='word_1_66' title='bbox 1728 1021 1801 1082; x_wconf 90' lang='lat' dir='ltr'>ab</span> <span class='ocrx_word' id='word_1_67' title='bbox 1856 1022 2282 1101; x_wconf 80' lang='lat' dir='ltr'>interpolatore</span> <span class='ocrx_word' id='word_1_68' title='bbox 2328 1043 2445 1084; x_wconf 89' lang='lat' dir='ltr'>non</span> <span class='ocrx_word' id='word_1_69' title='bbox 2492 1015 2729 1086; x_wconf 88' lang='lat' dir='ltr'>aliunde</span> 
     </span>
     <span class='ocr_line' id='line_1_8' title="bbox 401 1123 2729 1215; baseline 0.001 -31"><span class='ocrx_word' id='word_1_70' title='bbox 401 1131 592 1184; x_wconf 88' lang='lat' dir='ltr'>sumta</span> <span class='ocrx_word' id='word_1_71' title='bbox 639 1143 814 1204; x_wconf 87' lang='lat' dir='ltr'>quam</span> <span class='ocrx_word' id='word_1_72' title='bbox 861 1142 930 1184; x_wconf 86' lang='lat' dir='ltr'>ex</span> <span class='ocrx_word' id='word_1_73' title='bbox 972 1125 1116 1202; x_wconf 90' lang='lat' dir='ltr'>ipsis</span> <span class='ocrx_word' id='word_1_74' title='bbox 1161 1123 1356 1182; x_wconf 83' lang='lat' dir='ltr'>verbis</span> <span class='ocrx_word' id='word_1_75' title='bbox 1400 1125 1684 1193; x_wconf 82' lang='lat' dir='ltr'>oratoriS,</span> <span class='ocrx_word' id='word_1_76' title='bbox 1730 1127 1836 1199; x_wconf 71' lang='lat' dir='ltr'>que·</span> <span class='ocrx_word' id='word_1_77' title='bbox 1875 1125 2046 1215; x_wconf 59' lang='lat' dir='ltr'>houd</span> <span class='ocrx_word' id='word_1_78' title='bbox 2088 1127 2263 1186; x_wconf 79' lang='lat' dir='ltr'>dubie</span> <span class='ocrx_word' id='word_1_79' title='bbox 2304 1131 2494 1203; x_wconf 81' lang='lat' dir='ltr'>paulo</span> <span class='ocrx_word' id='word_1_80' title='bbox 2541 1131 2729 1204; x_wconf 82' lang='lat' dir='ltr'>plura</span> 
     </span>
     <span class='ocr_line' id='line_1_9' title="bbox 401 1211 2731 1305; baseline 0.002 -20"><span class='ocrx_word' id='word_1_81' title='bbox 401 1229 652 1285; x_wconf 78' lang='lat' dir='ltr'>recitari</span> <span class='ocrx_word' id='word_1_82' title='bbox 677 1211 980 1288; x_wconf 56' lang='lat' dir='ltr'>iusserat!</span> <span class='ocrx_word' id='word_1_83' title='bbox 1033 1223 1210 1286; x_wconf 90' lang='lat' dir='ltr'>Plura</span> <span class='ocrx_word' id='word_1_84' title='bbox 1255 1225 1320 1304; x_wconf 68' lang='lat'>§-</span> <span class='ocrx_word' id='word_1_85' title='bbox 1368 1229 1450 1292; x_wconf 87' lang='grc'>29</span> <span class='ocrx_word' id='word_1_86' title='bbox 1495 1233 1656 1286; x_wconf 90' lang='lat' dir='ltr'>certe</span> <span class='ocrx_word' id='word_1_87' title='bbox 1702 1224 1902 1285; x_wconf 86' lang='lat' dir='ltr'>retulit</span> <span class='ocrx_word' id='word_1_88' title='bbox 1945 1233 2162 1286; x_wconf 86' lang='lat' dir='ltr'>orator.</span> <span class='ocrx_word' id='word_1_89' title='bbox 2236 1226 2393 1289; x_wconf 77' lang='lat' dir='ltr'>Alias</span> <span class='ocrx_word' id='word_1_90' title='bbox 2428 1231 2731 1305; x_wconf 82' lang='lat' dir='ltr'>principio</span> 
     </span>
     <span class='ocr_line' id='line_1_10' title="bbox 399 1329 2727 1402; baseline 0.002 -16"><span class='ocrx_word' id='word_1_91' title='bbox 399 1331 695 1401; x_wconf 72' lang='lat' dir='ltr'>qenuinas</span> <span class='ocrx_word' id='word_1_92' title='bbox 711 1331 865 1388; x_wconf 79' lang='lat' dir='ltr'>male</span> <span class='ocrx_word' id='word_1_93' title='bbox 877 1329 1228 1402; x_wconf 73' lang='lat' dir='ltr'>descriptas²</span> <span class='ocrx_word' id='word_1_94' title='bbox 1259 1329 1641 1402; x_wconf 81' lang='lat' dir='ltr'>depravatas.</span> <span class='ocrx_word' id='word_1_95' title='bbox 1672 1329 1882 1387; x_wconf 78' lang='lat' dir='ltr'>alienis</span> <span class='ocrx_word' id='word_1_96' title='bbox 1913 1330 2213 1390; x_wconf 80' lang='lat' dir='ltr'>immixtas</span> <span class='ocrx_word' id='word_1_97' title='bbox 2242 1347 2371 1390; x_wconf 91' lang='lat' dir='ltr'>esse</span> <span class='ocrx_word' id='word_1_98' title='bbox 2402 1347 2727 1400; x_wconf 77' lang='lat' dir='ltr'>censemuS,</span> 
     </span>
     <span class='ocr_line' id='line_1_11' title="bbox 404 1427 2727 1511; baseline 0.001 -23"><span class='ocrx_word' id='word_1_99' title='bbox 404 1428 594 1507; x_wconf 87' lang='lat' dir='ltr'>qualis</span> <span class='ocrx_word' id='word_1_100' title='bbox 622 1427 716 1489; x_wconf 85' lang='lat' dir='ltr'>lex</span> <span class='ocrx_word' id='word_1_101' title='bbox 761 1437 850 1488; x_wconf 92' lang='lat' dir='ltr'>est</span> <span class='ocrx_word' id='word_1_102' title='bbox 885 1429 948 1488; x_wconf 89' lang='lat' dir='ltr'>in</span> <span class='ocrx_word' id='word_1_103' title='bbox 992 1429 1297 1489; x_wconf 81' lang='lat' dir='ltr'>Aeschinis</span> <span class='ocrx_word' id='word_1_104' title='bbox 1341 1429 1637 1488; x_wconf 84' lang='lat' dir='ltr'>Timarch.</span> <span class='ocrx_word' id='word_1_105' title='bbox 1686 1429 1752 1508; x_wconf 67' lang='lat'>§-</span> <span class='ocrx_word' id='word_1_106' title='bbox 1802 1434 1881 1496; x_wconf 90' lang='lat'>16</span> <span class='ocrx_word' id='word_1_107' title='bbox 1928 1429 2136 1491; x_wconf 90' lang='lat' dir='ltr'>collata</span> <span class='ocrx_word' id='word_1_108' title='bbox 2181 1449 2315 1491; x_wconf 89' lang='lat' dir='ltr'>cum</span> <span class='ocrx_word' id='word_1_109' title='bbox 2360 1430 2497 1491; x_wconf 86' lang='lat' dir='ltr'>Mid.</span> <span class='ocrx_word' id='word_1_110' title='bbox 2546 1431 2611 1511; x_wconf 72' lang='lat'>§-</span> <span class='ocrx_word' id='word_1_111' title='bbox 2648 1437 2727 1496; x_wconf 88' lang='grc'>47</span> 
     </span>
     <span class='ocr_line' id='line_1_12' title="bbox 408 1529 2731 1612; baseline 0.002 -24"><span class='ocrx_word' id='word_1_112' title='bbox 408 1529 502 1608; x_wconf 79' lang='lat' dir='ltr'>(cl&#39;.</span> <span class='ocrx_word' id='word_1_113' title='bbox 537 1531 666 1592; x_wconf 85' lang='lat' dir='ltr'>Car.</span> <span class='ocrx_word' id='word_1_114' title='bbox 699 1531 1021 1591; x_wconf 83' lang='lat' dir='ltr'>Hermann.</span> <span class='ocrx_word' id='word_1_115' title='bbox 1069 1530 1152 1591; x_wconf 89' lang='lat' dir='ltr'>De</span> <span class='ocrx_word' id='word_1_116' title='bbox 1183 1529 1536 1591; x_wconf 85' lang='lat' dir='ltr'>Iniuriarum</span> <span class='ocrx_word' id='word_1_117' title='bbox 1568 1531 1911 1591; x_wconf 81' lang='lat' dir='ltr'>Actionibus</span> <span class='ocrx_word' id='word_1_118' title='bbox 1939 1550 1999 1611; x_wconf 89' lang='lat' dir='ltr'>p.</span> <span class='ocrx_word' id='word_1_119' title='bbox 2026 1536 2159 1612; x_wconf 85' lang='lat'>19);</span> <span class='ocrx_word' id='word_1_120' title='bbox 2192 1536 2350 1592; x_wconf 81' lang='lat' dir='ltr'>alias</span> <span class='ocrx_word' id='word_1_121' title='bbox 2380 1536 2575 1594; x_wconf 79' lang='lat' dir='ltr'>alieno</span> <span class='ocrx_word' id='word_1_122' title='bbox 2604 1537 2731 1594; x_wconf 78' lang='lat' dir='ltr'>loco</span> 
     </span>
     <span class='ocr_line' id='line_1_13' title="bbox 406 1617 2729 1715; baseline 0.001 -23"><span class='ocrx_word' id='word_1_123' title='bbox 406 1649 481 1692; x_wconf 82' lang='lat' dir='ltr'>ac</span> <span class='ocrx_word' id='word_1_124' title='bbox 513 1642 769 1708; x_wconf 79' lang='lat' dir='ltr'>tempore</span> <span class='ocrx_word' id='word_1_125' title='bbox 811 1636 1092 1704; x_wconf 50' lang='lat' dir='ltr'>inserta&amp;</span> <span class='ocrx_word' id='word_1_126' title='bbox 1125 1631 1296 1711; x_wconf 87' lang='lat' dir='ltr'>quale</span> <span class='ocrx_word' id='word_1_127' title='bbox 1339 1633 1737 1693; x_wconf 87' lang='lat' dir='ltr'>iuramentum</span> <span class='ocrx_word' id='word_1_128' title='bbox 1783 1631 2152 1694; x_wconf 85' lang='lat' dir='ltr'>heliasticum</span> <span class='ocrx_word' id='word_1_129' title='bbox 2198 1617 2452 1694; x_wconf 85' lang='lat' dir='ltr'>Timocr.</span> <span class='ocrx_word' id='word_1_130' title='bbox 2488 1633 2553 1715; x_wconf 64' lang='lat'>§-</span> <span class='ocrx_word' id='word_1_131' title='bbox 2588 1637 2729 1700; x_wconf 90' lang='grc'>149.</span> 
     </span>
     <span class='ocr_line' id='line_1_14' title="bbox 405 1731 2731 1813; baseline 0.001 -22"><span class='ocrx_word' id='word_1_132' title='bbox 405 1732 493 1792; x_wconf 88' lang='lat' dir='ltr'>vel</span> <span class='ocrx_word' id='word_1_133' title='bbox 539 1731 842 1794; x_wconf 61' lang='lat' dir='ltr'>decretum</span> <span class='ocrx_word' id='word_1_134' title='bbox 889 1733 1303 1795; x_wconf 74' lang='lat' dir='ltr'>Demosthenis</span> <span class='ocrx_word' id='word_1_135' title='bbox 1347 1735 1480 1794; x_wconf 88' lang='lat' dir='ltr'>Cor.</span> <span class='ocrx_word' id='word_1_136' title='bbox 1529 1733 1595 1812; x_wconf 68' lang='lat'>§-</span> <span class='ocrx_word' id='word_1_137' title='bbox 1644 1737 1743 1798; x_wconf 84' lang='lat'>29.</span> <span class='ocrx_word' id='word_1_138' title='bbox 1834 1733 1917 1793; x_wconf 90' lang='lat' dir='ltr'>De</span> <span class='ocrx_word' id='word_1_139' title='bbox 1973 1753 2090 1813; x_wconf 87' lang='lat' dir='ltr'>quo</span> <span class='ocrx_word' id='word_1_140' title='bbox 2137 1732 2378 1794; x_wconf 88' lang='lat' dir='ltr'>decreto</span> <span class='ocrx_word' id='word_1_141' title='bbox 2422 1735 2731 1796; x_wconf 88' lang='lat' dir='ltr'>Rauchen-</span> 
     </span>
     <span class='ocr_line' id='line_1_15' title="bbox 403 1833 2731 1914; baseline 0 -19"><span class='ocrx_word' id='word_1_142' title='bbox 403 1837 650 1896; x_wconf 88' lang='lat' dir='ltr'>steinius</span> <span class='ocrx_word' id='word_1_143' title='bbox 693 1836 808 1895; x_wconf 89' lang='lat' dir='ltr'>iam</span> <span class='ocrx_word' id='word_1_144' title='bbox 856 1854 1012 1896; x_wconf 86' lang='lat' dir='ltr'>anno</span> <span class='ocrx_word' id='word_1_145' title='bbox 1061 1840 1226 1902; x_wconf 83' lang='lat'>1829</span> <span class='ocrx_word' id='word_1_146' title='bbox 1270 1834 1308 1896; x_wconf 94' lang='lat' dir='ltr'>l.</span> <span class='ocrx_word' id='word_1_147' title='bbox 1357 1853 1408 1895; x_wconf 90' lang='lat' dir='ltr'>c.</span> <span class='ocrx_word' id='word_1_148' title='bbox 1455 1854 1512 1914; x_wconf 86' lang='lat' dir='ltr'>p.</span> <span class='ocrx_word' id='word_1_149' title='bbox 1561 1837 1686 1900; x_wconf 87' lang='lat'>209</span> <span class='ocrx_word' id='word_1_150' title='bbox 1730 1836 1814 1893; x_wconf 87' lang='lat' dir='ltr'>sic</span> <span class='ocrx_word' id='word_1_151' title='bbox 1860 1833 2162 1894; x_wconf 85' lang='lat' dir='ltr'>iudicavit:</span> <span class='ocrx_word' id='word_1_152' title='bbox 2210 1835 2555 1895; x_wconf 64' lang='lat' dir='ltr'>‘&#39;Fictumne</span> <span class='ocrx_word' id='word_1_153' title='bbox 2598 1837 2731 1897; x_wconf 91' lang='lat' dir='ltr'>uni-</span> 
     </span>
     <span class='ocr_line' id='line_1_16' title="bbox 407 1935 2736 2016; baseline 0.001 -21"><span class='ocrx_word' id='word_1_154' title='bbox 407 1954 637 1997; x_wconf 89' lang='lat' dir='ltr'>versum</span> <span class='ocrx_word' id='word_1_155' title='bbox 693 1935 1022 1998; x_wconf 86' lang='lat' dir='ltr'>iudicemus</span> <span class='ocrx_word' id='word_1_156' title='bbox 1068 1937 1399 2006; x_wconf 87' lang='lat' dir='ltr'>decretum,</span> <span class='ocrx_word' id='word_1_157' title='bbox 1457 1935 1613 2016; x_wconf 87' lang='lat' dir='ltr'>quod</span> <span class='ocrx_word' id='word_1_158' title='bbox 1661 1935 1989 2014; x_wconf 87' lang='lat' dir='ltr'>suspicatus</span> <span class='ocrx_word' id='word_1_159' title='bbox 2036 1944 2124 1996; x_wconf 89' lang='lat' dir='ltr'>est</span> <span class='ocrx_word' id='word_1_160' title='bbox 2168 1936 2573 1996; x_wconf 76' lang='lat' dir='ltr'>Contarenus‘?</span> <span class='ocrx_word' id='word_1_161' title='bbox 2662 1938 2736 1998; x_wconf 81' lang='lat' dir='ltr'>At</span> 
     </span>
     <span class='ocr_line' id='line_1_17' title="bbox 404 2035 2732 2118; baseline 0 -20"><span class='ocrx_word' id='word_1_162' title='bbox 404 2039 670 2116; x_wconf 88' lang='lat' dir='ltr'>quisquis</span> <span class='ocrx_word' id='word_1_163' title='bbox 715 2037 850 2108; x_wconf 83' lang='lat' dir='ltr'>suit,</span> <span class='ocrx_word' id='word_1_164' title='bbox 897 2041 999 2118; x_wconf 85' lang='lat' dir='ltr'>qui</span> <span class='ocrx_word' id='word_1_165' title='bbox 1043 2040 1194 2098; x_wconf 94' lang='lat' dir='ltr'>miro</span> <span class='ocrx_word' id='word_1_166' title='bbox 1241 2037 1530 2098; x_wconf 89' lang='lat' dir='ltr'>eiusmodi</span> <span class='ocrx_word' id='word_1_167' title='bbox 1560 2035 1691 2096; x_wconf 88' lang='lat' dir='ltr'>lusu</span> <span class='ocrx_word' id='word_1_168' title='bbox 1722 2037 1946 2114; x_wconf 86' lang='lat' dir='ltr'>ingenii</span> <span class='ocrx_word' id='word_1_169' title='bbox 1992 2035 2315 2097; x_wconf 85' lang='lat' dir='ltr'>delectatus</span> <span class='ocrx_word' id='word_1_170' title='bbox 2358 2039 2463 2106; x_wconf 88' lang='lat' dir='ltr'>sit,</span> <span class='ocrx_word' id='word_1_171' title='bbox 2510 2039 2561 2097; x_wconf 92' lang='lat' dir='ltr'>is</span> <span class='ocrx_word' id='word_1_172' title='bbox 2591 2056 2732 2099; x_wconf 89' lang='lat' dir='ltr'>num</span> 
     </span>
     <span class='ocr_line' id='line_1_18' title="bbox 412 2135 2732 2219; baseline 0 -20"><span class='ocrx_word' id='word_1_173' title='bbox 412 2157 484 2199; x_wconf 86' lang='lat' dir='ltr'>ex</span> <span class='ocrx_word' id='word_1_174' title='bbox 532 2138 656 2199; x_wconf 92' lang='lat' dir='ltr'>solo</span> <span class='ocrx_word' id='word_1_175' title='bbox 702 2158 808 2199; x_wconf 90' lang='lat' dir='ltr'>suo</span> <span class='ocrx_word' id='word_1_176' title='bbox 853 2141 1091 2218; x_wconf 86' lang='lat' dir='ltr'>ingenio</span> <span class='ocrx_word' id='word_1_177' title='bbox 1136 2140 1480 2200; x_wconf 85' lang='lat' dir='ltr'>archontem</span> <span class='ocrx_word' id='word_1_178' title='bbox 1516 2139 1691 2197; x_wconf 85' lang='lat' dir='ltr'>etiam</span> <span class='ocrx_word' id='word_1_179' title='bbox 1724 2135 2137 2217; x_wconf 83' lang='lat' dir='ltr'>Mnesiphilum</span> <span class='ocrx_word' id='word_1_180' title='bbox 2183 2141 2440 2200; x_wconf 80' lang='lat' dir='ltr'>evocarit</span> <span class='ocrx_word' id='word_1_181' title='bbox 2483 2139 2732 2219; x_wconf 88' lang='lat' dir='ltr'>pseude-</span> 
     </span>
     <span class='ocr_line' id='line_1_19' title="bbox 415 2238 2735 2320; baseline 0 -20"><span class='ocrx_word' id='word_1_182' title='bbox 415 2259 734 2320; x_wconf 72' lang='lat' dir='ltr'>ponymum</span> <span class='ocrx_word' id='word_1_183' title='bbox 797 2248 854 2301; x_wconf 90' lang='lat' dir='ltr'>et</span> <span class='ocrx_word' id='word_1_184' title='bbox 907 2260 1173 2302; x_wconf 87' lang='lat' dir='ltr'>mensem</span> <span class='ocrx_word' id='word_1_185' title='bbox 1221 2238 1793 2301; x_wconf 83' lang='lat' dir='ltr'>Hecatombaeonem</span> <span class='ocrx_word' id='word_1_186' title='bbox 1842 2249 1900 2300; x_wconf 88' lang='lat' dir='ltr'>et</span> <span class='ocrx_word' id='word_1_187' title='bbox 1941 2239 2365 2301; x_wconf 88' lang='lat' dir='ltr'>Pandionidem</span> <span class='ocrx_word' id='word_1_188' title='bbox 2409 2241 2630 2302; x_wconf 86' lang='lat' dir='ltr'>tribum</span> <span class='ocrx_word' id='word_1_189' title='bbox 2676 2249 2735 2300; x_wconf 90' lang='lat' dir='ltr'>et</span> 
     </span>
     <span class='ocr_line' id='line_1_20' title="bbox 406 2337 2732 2422; baseline 0 -21"><span class='ocrx_word' id='word_1_190' title='bbox 406 2337 681 2421; x_wconf 73' lang='grc' dir='ltr'><strong><em>πρώτην</em></strong></span> <span class='ocrx_word' id='word_1_191' title='bbox 724 2342 884 2403; x_wconf 90' lang='lat' dir='ltr'>illam</span> <span class='ocrx_word' id='word_1_192' title='bbox 933 2337 1299 2422; x_wconf 80' lang='grc' dir='ltr'><strong><em>ἐκκλησίαν</em></strong></span> <span class='ocrx_word' id='word_1_193' title='bbox 1344 2351 1402 2402; x_wconf 90' lang='lat' dir='ltr'>et</span> <span class='ocrx_word' id='word_1_194' title='bbox 1430 2343 1690 2420; x_wconf 87' lang='lat' dir='ltr'>quinque</span> <span class='ocrx_word' id='word_1_195' title='bbox 1721 2340 1944 2419; x_wconf 84' lang='lat' dir='ltr'>legatos</span> <span class='ocrx_word' id='word_1_196' title='bbox 1976 2360 2299 2421; x_wconf 88' lang='lat' dir='ltr'>eorumque</span> <span class='ocrx_word' id='word_1_197' title='bbox 2331 2361 2449 2403; x_wconf 92' lang='lat' dir='ltr'>non</span> <span class='ocrx_word' id='word_1_198' title='bbox 2498 2345 2732 2403; x_wconf 89' lang='lat' dir='ltr'>nomina</span> 
     </span>
     <span class='ocr_line' id='line_1_21' title="bbox 405 2443 2732 2524; baseline 0 -21"><span class='ocrx_word' id='word_1_199' title='bbox 405 2443 629 2513; x_wconf 86' lang='lat' dir='ltr'>solum,</span> <span class='ocrx_word' id='word_1_200' title='bbox 675 2444 779 2505; x_wconf 91' lang='lat' dir='ltr'>sed</span> <span class='ocrx_word' id='word_1_201' title='bbox 827 2447 1178 2524; x_wconf 85' lang='lat' dir='ltr'>cognomina</span> <span class='ocrx_word' id='word_1_202' title='bbox 1223 2445 1399 2505; x_wconf 86' lang='lat' dir='ltr'>etiam</span> <span class='ocrx_word' id='word_1_203' title='bbox 1445 2443 1812 2505; x_wconf 80' lang='lat' dir='ltr'>demotice?&#39;</span> <span class='ocrx_word' id='word_1_204' title='bbox 1859 2443 2017 2505; x_wconf 88' lang='lat' dir='ltr'>Haec</span> <span class='ocrx_word' id='word_1_205' title='bbox 2060 2443 2325 2524; x_wconf 89' lang='lat' dir='ltr'>quidem,</span> <span class='ocrx_word' id='word_1_206' title='bbox 2373 2445 2580 2516; x_wconf 88' lang='lat' dir='ltr'>credo,</span> <span class='ocrx_word' id='word_1_207' title='bbox 2629 2443 2732 2503; x_wconf 90' lang='lat' dir='ltr'>ho-</span> 
     </span>
     <span class='ocr_line' id='line_1_22' title="bbox 406 2546 2737 2626; baseline 0 -21"><span class='ocrx_word' id='word_1_208' title='bbox 406 2547 551 2606; x_wconf 90' lang='lat' dir='ltr'>mini</span> <span class='ocrx_word' id='word_1_209' title='bbox 608 2546 679 2606; x_wconf 88' lang='lat' dir='ltr'>ad</span> <span class='ocrx_word' id='word_1_210' title='bbox 738 2546 1060 2608; x_wconf 81' lang='lat' dir='ltr'>fallendum</span> <span class='ocrx_word' id='word_1_211' title='bbox 1117 2555 1322 2626; x_wconf 90' lang='lat' dir='ltr'>parato</span> <span class='ocrx_word' id='word_1_212' title='bbox 1379 2546 1638 2619; x_wconf 81' lang='lat' dir='ltr'>difficilia</span> <span class='ocrx_word' id='word_1_213' title='bbox 1697 2564 1814 2605; x_wconf 88' lang='lat' dir='ltr'>non</span> <span class='ocrx_word' id='word_1_214' title='bbox 1876 2555 2062 2605; x_wconf 85' lang='lat' dir='ltr'>erant.</span> <span class='ocrx_word' id='word_1_215' title='bbox 2154 2546 2270 2606; x_wconf 84' lang='lat' dir='ltr'>Sed</span> <span class='ocrx_word' id='word_1_216' title='bbox 2330 2554 2494 2607; x_wconf 91' lang='lat' dir='ltr'>recte</span> <span class='ocrx_word' id='word_1_217' title='bbox 2541 2548 2737 2625; x_wconf 87' lang='lat' dir='ltr'>pergit</span> 
     </span>
     <span class='ocr_line' id='line_1_23' title="bbox 405 2646 2733 2727; baseline 0 -20"><span class='ocrx_word' id='word_1_218' title='bbox 405 2646 966 2709; x_wconf 87' lang='lat' dir='ltr'>Raucbensteinius:</span> <span class='ocrx_word' id='word_1_219' title='bbox 1015 2647 1182 2709; x_wconf 71' lang='lat' dir='ltr'>‘Miri</span> <span class='ocrx_word' id='word_1_220' title='bbox 1225 2666 1366 2709; x_wconf 90' lang='lat' dir='ltr'>sane</span> <span class='ocrx_word' id='word_1_221' title='bbox 1397 2650 1448 2709; x_wconf 89' lang='lat' dir='ltr'>is</span> <span class='ocrx_word' id='word_1_222' title='bbox 1477 2648 1703 2725; x_wconf 84' lang='lat' dir='ltr'>ingenii</span> <span class='ocrx_word' id='word_1_223' title='bbox 1734 2646 1939 2707; x_wconf 80' lang='lat' dir='ltr'>fuisset</span> <span class='ocrx_word' id='word_1_224' title='bbox 1970 2646 2177 2717; x_wconf 90' lang='lat' dir='ltr'>homo,</span> <span class='ocrx_word' id='word_1_225' title='bbox 2224 2649 2284 2707; x_wconf 92' lang='lat' dir='ltr'>in</span> <span class='ocrx_word' id='word_1_226' title='bbox 2318 2666 2434 2727; x_wconf 90' lang='lat' dir='ltr'>quo</span> <span class='ocrx_word' id='word_1_227' title='bbox 2480 2649 2733 2709; x_wconf 83' lang='lat' dir='ltr'>maxime</span> 
     </span>
     <span class='ocr_line' id='line_1_24' title="bbox 405 2748 2733 2831; baseline -0.001 -22"><span class='ocrx_word' id='word_1_228' title='bbox 405 2749 519 2810; x_wconf 86' lang='lat' dir='ltr'>hoc</span> <span class='ocrx_word' id='word_1_229' title='bbox 563 2749 897 2831; x_wconf 75' lang='lat' dir='ltr'>mirandum</span> <span class='ocrx_word' id='word_1_230' title='bbox 959 2750 1190 2820; x_wconf 84' lang='lat' dir='ltr'>suisset,</span> <span class='ocrx_word' id='word_1_231' title='bbox 1253 2750 1407 2830; x_wconf 91' lang='lat' dir='ltr'>quod</span> <span class='ocrx_word' id='word_1_232' title='bbox 1455 2748 1634 2809; x_wconf 85' lang='lat' dir='ltr'>verba</span> <span class='ocrx_word' id='word_1_233' title='bbox 1680 2748 1904 2807; x_wconf 82' lang='lat' dir='ltr'>decreti</span> <span class='ocrx_word' id='word_1_234' title='bbox 1950 2766 1982 2807; x_wconf 92' lang='lat' dir='ltr'>a</span> <span class='ocrx_word' id='word_1_235' title='bbox 2028 2767 2091 2809; x_wconf 86' lang='lat' dir='ltr'>se</span> <span class='ocrx_word' id='word_1_236' title='bbox 2136 2750 2359 2809; x_wconf 89' lang='lat' dir='ltr'>inventi</span> <span class='ocrx_word' id='word_1_237' title='bbox 2404 2748 2475 2810; x_wconf 87' lang='lat' dir='ltr'>ad</span> <span class='ocrx_word' id='word_1_238' title='bbox 2522 2749 2733 2810; x_wconf 89' lang='lat' dir='ltr'>Demo-</span> 
     </span>
     <span class='ocr_line' id='line_1_25' title="bbox 405 2849 2733 2930; baseline -0.001 -18"><span class='ocrx_word' id='word_1_239' title='bbox 405 2852 630 2913; x_wconf 88' lang='lat' dir='ltr'>sthenis</span> <span class='ocrx_word' id='word_1_240' title='bbox 700 2854 1132 2912; x_wconf 82' lang='lat' dir='ltr'>enarrationem</span> <span class='ocrx_word' id='word_1_241' title='bbox 1181 2852 1537 2930; x_wconf 83' lang='lat' dir='ltr'>neglexisset</span> <span class='ocrx_word' id='word_1_242' title='bbox 1594 2850 1782 2928; x_wconf 87' lang='lat' dir='ltr'>magis</span> <span class='ocrx_word' id='word_1_243' title='bbox 1827 2850 2293 2911; x_wconf 88' lang='lat' dir='ltr'>accommodare.</span> <span class='ocrx_word' id='word_1_244' title='bbox 2397 2849 2501 2910; x_wconf 88' lang='lat' dir='ltr'>Ille</span> <span class='ocrx_word' id='word_1_245' title='bbox 2576 2852 2733 2909; x_wconf 90' lang='lat' dir='ltr'>enim</span> 
     </span>
     <span class='ocr_line' id='line_1_26' title="bbox 406 2945 2739 3034; baseline -0.001 -21"><span class='ocrx_word' id='word_1_246' title='bbox 406 2951 666 3033; x_wconf 79' lang='grc' dir='ltr'><em>ἔγραψα</em></span> <span class='ocrx_word' id='word_1_247' title='bbox 718 2948 1071 3034; x_wconf 79' lang='grc' dir='ltr'><strong><em>βουλεύων</em></strong></span> <span class='ocrx_word' id='word_1_248' title='bbox 1129 2956 1209 3014; x_wconf 87' lang='lat' dir='ltr'>ait</span> <span class='ocrx_word' id='word_1_249' title='bbox 1261 2948 1595 3013; x_wconf 78' lang='grc' dir='ltr'><em>ἀποπλεῖν</em></span> <span class='ocrx_word' id='word_1_250' title='bbox 1653 2945 1777 3032; x_wconf 83' lang='grc' dir='ltr'>τὴν</span> <span class='ocrx_word' id='word_1_251' title='bbox 1837 2951 2153 3031; x_wconf 84' lang='grc' dir='ltr'><strong><em>ταχίστην</em></strong></span> <span class='ocrx_word' id='word_1_252' title='bbox 2216 2945 2373 3023; x_wconf 82' lang='grc' dir='ltr'><strong><em>τοὺς</em></strong></span> <span class='ocrx_word' id='word_1_253' title='bbox 2426 2947 2739 3031; x_wconf 83' lang='grc' dir='ltr'><strong><em>πρέσβεις</em></strong></span> 
     </span>
     <span class='ocr_line' id='line_1_27' title="bbox 409 3043 2738 3133; baseline -0.001 -19"><span class='ocrx_word' id='word_1_254' title='bbox 409 3048 518 3115; x_wconf 81' lang='grc' dir='ltr'>ἐπὶ</span> <span class='ocrx_word' id='word_1_255' title='bbox 561 3048 719 3127; x_wconf 82' lang='grc' dir='ltr'>τούς</span> <span class='ocrx_word' id='word_1_256' title='bbox 757 3050 1004 3127; x_wconf 84' lang='grc' dir='ltr'><strong><em>τόπους</em></strong></span> <span class='ocrx_word' id='word_1_257' title='bbox 1049 3064 1159 3116; x_wconf 89' lang='lat' dir='ltr'>etc.</span> <span class='ocrx_word' id='word_1_258' title='bbox 1202 3056 1537 3115; x_wconf 86' lang='lat' dir='ltr'>decretum:</span> <span class='ocrx_word' id='word_1_259' title='bbox 1586 3046 1963 3133; x_wconf 75' lang='grc' dir='ltr'><strong><em>ἀποδημεῖν</em></strong></span> <span class='ocrx_word' id='word_1_260' title='bbox 1990 3050 2321 3132; x_wconf 78' lang='grc' dir='ltr'><strong><em>μηδεμίαν</em></strong></span> <span class='ocrx_word' id='word_1_261' title='bbox 2350 3043 2738 3133; x_wconf 74' lang='grc' dir='ltr'><strong><em>ὑπερβολὴν</em></strong></span> 
     </span>
     <span class='ocr_line' id='line_1_28' title="bbox 407 3153 2738 3236; baseline -0.001 -20"><span class='ocrx_word' id='word_1_262' title='bbox 407 3153 852 3236; x_wconf 83' lang='grc' dir='ltr'><strong><em>ποιουμένους</em></strong></span> <span class='ocrx_word' id='word_1_263' title='bbox 909 3164 1019 3217; x_wconf 89' lang='lat' dir='ltr'>etc.</span> <span class='ocrx_word' id='word_1_264' title='bbox 1081 3162 1216 3218; x_wconf 92' lang='lat' dir='ltr'>etc.&#39;</span> <span class='ocrx_word' id='word_1_265' title='bbox 1306 3156 1464 3217; x_wconf 88' lang='lat' dir='ltr'>Haec</span> <span class='ocrx_word' id='word_1_266' title='bbox 1520 3155 1641 3216; x_wconf 88' lang='lat' dir='ltr'>ille.</span> <span class='ocrx_word' id='word_1_267' title='bbox 1730 3156 1951 3216; x_wconf 88' lang='lat' dir='ltr'>Partim</span> <span class='ocrx_word' id='word_1_268' title='bbox 2010 3172 2149 3214; x_wconf 85' lang='lat' dir='ltr'>vero</span> <span class='ocrx_word' id='word_1_269' title='bbox 2207 3161 2325 3215; x_wconf 88' lang='lat' dir='ltr'>tota</span> <span class='ocrx_word' id='word_1_270' title='bbox 2382 3154 2738 3215; x_wconf 87' lang='lat' dir='ltr'>documenta</span> 
     </span>
     <span class='ocr_line' id='line_1_29' title="bbox 405 3255 2736 3339; baseline -0.002 -20"><span class='ocrx_word' id='word_1_271' title='bbox 405 3260 541 3319; x_wconf 86' lang='lat' dir='ltr'>ficta</span> <span class='ocrx_word' id='word_1_272' title='bbox 601 3278 729 3319; x_wconf 90' lang='lat' dir='ltr'>esse</span> <span class='ocrx_word' id='word_1_273' title='bbox 788 3266 1064 3339; x_wconf 85' lang='lat' dir='ltr'>apparet,</span> <span class='ocrx_word' id='word_1_274' title='bbox 1124 3256 1317 3338; x_wconf 87' lang='lat' dir='ltr'>qualia</span> <span class='ocrx_word' id='word_1_275' title='bbox 1363 3258 1599 3319; x_wconf 88' lang='lat' dir='ltr'>decreta</span> <span class='ocrx_word' id='word_1_276' title='bbox 1646 3258 2139 3337; x_wconf 80' lang='lat' dir='ltr'>Amphictyonum</span> <span class='ocrx_word' id='word_1_277' title='bbox 2185 3256 2318 3317; x_wconf 90' lang='lat' dir='ltr'>Cor.</span> <span class='ocrx_word' id='word_1_278' title='bbox 2367 3255 2431 3337; x_wconf 64' lang='lat'>§—</span> <span class='ocrx_word' id='word_1_279' title='bbox 2484 3262 2605 3322; x_wconf 86' lang='lat'>154</span> <span class='ocrx_word' id='word_1_280' title='bbox 2648 3276 2736 3336; x_wconf 89' lang='lat' dir='ltr'>sq.</span> 
     </span>
     <span class='ocr_line' id='line_1_30' title="bbox 407 3356 2738 3440; baseline -0.002 -18"><span class='ocrx_word' id='word_1_281' title='bbox 407 3370 467 3422; x_wconf 89' lang='lat' dir='ltr'>et</span> <span class='ocrx_word' id='word_1_282' title='bbox 523 3360 936 3422; x_wconf 87' lang='lat' dir='ltr'>Demosthenis</span> <span class='ocrx_word' id='word_1_283' title='bbox 992 3362 1217 3438; x_wconf 87' lang='lat' dir='ltr'>rogatio</span> <span class='ocrx_word' id='word_1_284' title='bbox 1274 3360 1354 3420; x_wconf 88' lang='lat' dir='ltr'>ib.</span> <span class='ocrx_word' id='word_1_285' title='bbox 1415 3360 1480 3440; x_wconf 72' lang='lat'>§-</span> <span class='ocrx_word' id='word_1_286' title='bbox 1533 3363 1650 3426; x_wconf 88' lang='lat'>181</span> <span class='ocrx_word' id='word_1_287' title='bbox 1700 3378 1862 3439; x_wconf 88' lang='lat' dir='ltr'>sqq.,</span> <span class='ocrx_word' id='word_1_288' title='bbox 1923 3358 2254 3418; x_wconf 85' lang='lat' dir='ltr'>testimonia</span> <span class='ocrx_word' id='word_1_289' title='bbox 2302 3356 2453 3433; x_wconf 86' lang='lat' dir='ltr'>(vide</span> <span class='ocrx_word' id='word_1_290' title='bbox 2498 3366 2738 3437; x_wconf 87' lang='lat' dir='ltr'>praeter</span> 
     </span>
     <span class='ocr_line' id='line_1_31' title="bbox 407 3456 2735 3539; baseline 0.002 -18"><span class='ocrx_word' id='word_1_291' title='bbox 407 3462 924 3523; x_wconf 87' lang='lat' dir='ltr'>Westermannum</span> <span class='ocrx_word' id='word_1_292' title='bbox 995 3462 1124 3523; x_wconf 89' lang='lat' dir='ltr'>Car.</span> <span class='ocrx_word' id='word_1_293' title='bbox 1185 3462 1512 3521; x_wconf 87' lang='lat' dir='ltr'>Hermanni</span> <span class='ocrx_word' id='word_1_294' title='bbox 1566 3459 1831 3521; x_wconf 89' lang='lat' dir='ltr'>Indicem</span> <span class='ocrx_word' id='word_1_295' title='bbox 1915 3459 2100 3519; x_wconf 88' lang='lat' dir='ltr'>Lectt.</span> <span class='ocrx_word' id='word_1_296' title='bbox 2162 3458 2421 3538; x_wconf 84' lang='lat' dir='ltr'>Gotting.</span> <span class='ocrx_word' id='word_1_297' title='bbox 2483 3456 2735 3539; x_wconf 66' lang='lat' dir='ltr'><strong>1843b),</strong></span> 
     </span>
     <span class='ocr_line' id='line_1_32' title="bbox 408 3550 2659 3644; baseline -0.002 -19"><span class='ocrx_word' id='word_1_298' title='bbox 408 3566 585 3625; x_wconf 89' lang='lat' dir='ltr'>etiam</span> <span class='ocrx_word' id='word_1_299' title='bbox 633 3563 932 3644; x_wconf 89' lang='lat' dir='ltr'>epistolae.</span> <span class='ocrx_word' id='word_1_300' title='bbox 1602 3566 1607 3569; x_wconf 83' lang='grc'><strong>’</strong></span> <span class='ocrx_word' id='word_1_301' title='bbox 2640 3550 2659 3565; x_wconf 74' lang='grc'><strong><em>’</em></strong></span> 
     </span>
     <span class='ocr_line' id='line_1_33' title="bbox 579 3662 2737 3743; baseline -0.001 -17"><span class='ocrx_word' id='word_1_302' title='bbox 579 3666 692 3727; x_wconf 88' lang='lat' dir='ltr'>Sed</span> <span class='ocrx_word' id='word_1_303' title='bbox 749 3669 865 3725; x_wconf 89' lang='lat' dir='ltr'>iam</span> <span class='ocrx_word' id='word_1_304' title='bbox 925 3674 1061 3725; x_wconf 88' lang='lat' dir='ltr'>ante</span> <span class='ocrx_word' id='word_1_305' title='bbox 1105 3663 1439 3735; x_wconf 84' lang='lat' dir='ltr'>Plutarchi,</span> <span class='ocrx_word' id='word_1_306' title='bbox 1498 3662 1648 3724; x_wconf 80' lang='lat' dir='ltr'>Aelii</span> <span class='ocrx_word' id='word_1_307' title='bbox 1690 3662 1991 3732; x_wconf 75' lang='lat' dir='ltr'>Aristidis,</span> <span class='ocrx_word' id='word_1_308' title='bbox 2049 3663 2533 3743; x_wconf 87' lang='lat' dir='ltr'>Harpocrationis</span> <span class='ocrx_word' id='word_1_309' title='bbox 2577 3669 2737 3723; x_wconf 88' lang='lat' dir='ltr'>aeta-</span> 
     </span>
     <span class='ocr_line' id='line_1_34' title="bbox 409 3764 2737 3847; baseline -0.003 -18"><span class='ocrx_word' id='word_1_310' title='bbox 409 3776 556 3838; x_wconf 89' lang='lat' dir='ltr'>tem,</span> <span class='ocrx_word' id='word_1_311' title='bbox 604 3769 706 3847; x_wconf 88' lang='lat' dir='ltr'>qui</span> <span class='ocrx_word' id='word_1_312' title='bbox 751 3767 930 3827; x_wconf 87' lang='lat' dir='ltr'>verba</span> <span class='ocrx_word' id='word_1_313' title='bbox 977 3784 1044 3826; x_wconf 83' lang='lat' dir='ltr'>ex</span> <span class='ocrx_word' id='word_1_314' title='bbox 1093 3765 1210 3827; x_wconf 89' lang='lat' dir='ltr'>illis</span> <span class='ocrx_word' id='word_1_315' title='bbox 1253 3767 1488 3845; x_wconf 88' lang='lat' dir='ltr'>scriptis</span> <span class='ocrx_word' id='word_1_316' title='bbox 1520 3766 1877 3835; x_wconf 85' lang='lat' dir='ltr'>citaverunt,</span> <span class='ocrx_word' id='word_1_317' title='bbox 1926 3764 2294 3826; x_wconf 89' lang='lat' dir='ltr'>orationibus</span> <span class='ocrx_word' id='word_1_318' title='bbox 2338 3764 2534 3825; x_wconf 88' lang='lat' dir='ltr'>addita</span> <span class='ocrx_word' id='word_1_319' title='bbox 2582 3772 2737 3834; x_wconf 87' lang='lat' dir='ltr'>sunt,</span> 
     </span>
     <span class='ocr_line' id='line_1_35' title="bbox 405 3865 2737 3949; baseline -0.002 -18"><span class='ocrx_word' id='word_1_320' title='bbox 405 3878 470 3931; x_wconf 89' lang='lat' dir='ltr'>ut</span> <span class='ocrx_word' id='word_1_321' title='bbox 501 3888 610 3948; x_wconf 87' lang='lat' dir='ltr'>ego</span> <span class='ocrx_word' id='word_1_322' title='bbox 640 3870 878 3949; x_wconf 88' lang='lat' dir='ltr'>quidem</span> <span class='ocrx_word' id='word_1_323' title='bbox 909 3876 1049 3948; x_wconf 90' lang='lat' dir='ltr'>puto</span> <span class='ocrx_word' id='word_1_324' title='bbox 1081 3887 1114 3928; x_wconf 92' lang='lat' dir='ltr'>a</span> <span class='ocrx_word' id='word_1_325' title='bbox 1144 3866 1469 3929; x_wconf 84' lang='lat' dir='ltr'>scholiastis</span> <span class='ocrx_word' id='word_1_326' title='bbox 1501 3886 1532 3927; x_wconf 91' lang='lat' dir='ltr'>e</span> <span class='ocrx_word' id='word_1_327' title='bbox 1580 3866 1823 3928; x_wconf 88' lang='lat' dir='ltr'>diversis</span> <span class='ocrx_word' id='word_1_328' title='bbox 1854 3868 2222 3928; x_wconf 86' lang='lat' dir='ltr'>documentis</span> <span class='ocrx_word' id='word_1_329' title='bbox 2253 3874 2312 3926; x_wconf 88' lang='lat' dir='ltr'>et</span> <span class='ocrx_word' id='word_1_330' title='bbox 2341 3865 2508 3926; x_wconf 82' lang='lat' dir='ltr'>liliris</span> <span class='ocrx_word' id='word_1_331' title='bbox 2537 3867 2737 3945; x_wconf 86' lang='lat' dir='ltr'>petita,</span> 
     </span>
     <span class='ocr_line' id='line_1_36' title="bbox 407 3965 2739 4050; baseline -0.002 -21"><span class='ocrx_word' id='word_1_332' title='bbox 407 3972 498 4032; x_wconf 83' lang='lat' dir='ltr'>vel</span> <span class='ocrx_word' id='word_1_333' title='bbox 545 3973 720 4032; x_wconf 87' lang='lat' dir='ltr'>etiam</span> <span class='ocrx_word' id='word_1_334' title='bbox 766 3972 898 4030; x_wconf 85' lang='lat' dir='ltr'>ficta</span> <span class='ocrx_word' id='word_1_335' title='bbox 948 3988 1015 4030; x_wconf 90' lang='lat' dir='ltr'>ac</span> <span class='ocrx_word' id='word_1_336' title='bbox 1059 3968 1346 4050; x_wconf 88' lang='lat' dir='ltr'>suppleta.</span> <span class='ocrx_word' id='word_1_337' title='bbox 1437 3988 1573 4029; x_wconf 89' lang='lat' dir='ltr'>nam</span> <span class='ocrx_word' id='word_1_338' title='bbox 1620 3970 1681 4029; x_wconf 88' lang='lat' dir='ltr'>in</span> <span class='ocrx_word' id='word_1_339' title='bbox 1727 3968 1966 4030; x_wconf 87' lang='lat' dir='ltr'>scholiis</span> <span class='ocrx_word' id='word_1_340' title='bbox 2011 3968 2233 4048; x_wconf 89' lang='lat' dir='ltr'>aliquot</span> <span class='ocrx_word' id='word_1_341' title='bbox 2278 3967 2577 4037; x_wconf 87' lang='lat' dir='ltr'>codicum,</span> <span class='ocrx_word' id='word_1_342' title='bbox 2624 3965 2739 4027; x_wconf 89' lang='lat' dir='ltr'>sal-</span> 
     </span>
     <span class='ocr_line' id='line_1_37' title="bbox 409 4068 2750 4151; baseline -0.003 -16"><span class='ocrx_word' id='word_1_343' title='bbox 409 4083 528 4136; x_wconf 90' lang='lat' dir='ltr'>tem</span> <span class='ocrx_word' id='word_1_344' title='bbox 573 4075 636 4133; x_wconf 91' lang='lat' dir='ltr'>in</span> <span class='ocrx_word' id='word_1_345' title='bbox 681 4070 1048 4150; x_wconf 86' lang='lat' dir='ltr'>marginibus</span> <span class='ocrx_word' id='word_1_346' title='bbox 1097 4090 1518 4151; x_wconf 85' lang='lat' dir='ltr'>nonnunquam</span> <span class='ocrx_word' id='word_1_347' title='bbox 1565 4088 1633 4131; x_wconf 91' lang='lat' dir='ltr'>ea</span> <span class='ocrx_word' id='word_1_348' title='bbox 1679 4070 1975 4149; x_wconf 85' lang='lat' dir='ltr'>adscripta</span> <span class='ocrx_word' id='word_1_349' title='bbox 2021 4069 2317 4148; x_wconf 83' lang='lat' dir='ltr'>leguntur.</span> <span class='ocrx_word' id='word_1_350' title='bbox 2408 4068 2595 4129; x_wconf 86' lang='lat' dir='ltr'>Erant</span> <span class='ocrx_word' id='word_1_351' title='bbox 2636 4087 2750 4151; x_wconf 46' lang='lat' dir='ltr'>auf</span> 
     </span>
     <span class='ocr_line' id='line_1_38' title="bbox 406 4169 2740 4255; baseline -0.003 -18"><span class='ocrx_word' id='word_1_352' title='bbox 406 4183 527 4237; x_wconf 85' lang='lat' dir='ltr'>tem</span> <span class='ocrx_word' id='word_1_353' title='bbox 574 4176 894 4255; x_wconf 90' lang='lat' dir='ltr'>antiquitus</span> <span class='ocrx_word' id='word_1_354' title='bbox 938 4173 1333 4235; x_wconf 86' lang='lat' dir='ltr'>bibliothecae</span> <span class='ocrx_word' id='word_1_355' title='bbox 1378 4180 1438 4233; x_wconf 84' lang='lat' dir='ltr'>et</span> <span class='ocrx_word' id='word_1_356' title='bbox 1465 4171 1794 4249; x_wconf 83' lang='lat' dir='ltr'>singulares</span> <span class='ocrx_word' id='word_1_357' title='bbox 1837 4170 2001 4241; x_wconf 87' lang='lat' dir='ltr'>libri,</span> <span class='ocrx_word' id='word_1_358' title='bbox 2049 4173 2109 4230; x_wconf 92' lang='lat' dir='ltr'>in</span> <span class='ocrx_word' id='word_1_359' title='bbox 2142 4170 2355 4249; x_wconf 89' lang='lat' dir='ltr'>quibus</span> <span class='ocrx_word' id='word_1_360' title='bbox 2386 4169 2740 4231; x_wconf 86' lang='lat' dir='ltr'>documenta</span> 
     </span>
     <span class='ocr_line' id='line_1_39' title="bbox 406 4271 2739 4357; baseline -0.003 -19"><span class='ocrx_word' id='word_1_361' title='bbox 406 4276 642 4357; x_wconf 89' lang='lat' dir='ltr'>publica</span> <span class='ocrx_word' id='word_1_362' title='bbox 699 4284 758 4337; x_wconf 87' lang='lat' dir='ltr'>et</span> <span class='ocrx_word' id='word_1_363' title='bbox 817 4283 946 4337; x_wconf 87' lang='lat' dir='ltr'>acta</span> <span class='ocrx_word' id='word_1_364' title='bbox 1000 4274 1296 4336; x_wconf 86' lang='lat' dir='ltr'>iudicialia</span> <span class='ocrx_word' id='word_1_365' title='bbox 1341 4273 1669 4352; x_wconf 86' lang='lat' dir='ltr'>(Plutarch.</span> <span class='ocrx_word' id='word_1_366' title='bbox 1718 4272 1828 4333; x_wconf 88' lang='lat' dir='ltr'>Vit.</span> <span class='ocrx_word' id='word_1_367' title='bbox 1872 4272 2112 4334; x_wconf 80' lang='lat' dir='ltr'>Aristid.</span> <span class='ocrx_word' id='word_1_368' title='bbox 2160 4291 2287 4353; x_wconf 86' lang='lat' dir='ltr'>cap.</span> <span class='ocrx_word' id='word_1_369' title='bbox 2334 4272 2447 4351; x_wconf 84' lang='lat'>26)</span> <span class='ocrx_word' id='word_1_370' title='bbox 2496 4271 2739 4332; x_wconf 88' lang='lat' dir='ltr'>collecta</span> 
     </span>
     <span class='ocr_line' id='line_1_40' title="bbox 413 4373 2733 4457; baseline -0.001 -19"><span class='ocrx_word' id='word_1_371' title='bbox 413 4380 842 4440; x_wconf 77' lang='lat' dir='ltr'>invenirentur.</span> <span class='ocrx_word' id='word_1_372' title='bbox 904 4377 988 4439; x_wconf 87' lang='lat' dir='ltr'>De</span> <span class='ocrx_word' id='word_1_373' title='bbox 1032 4378 1124 4438; x_wconf 87' lang='lat' dir='ltr'>bis</span> <span class='ocrx_word' id='word_1_374' title='bbox 1168 4376 1444 4438; x_wconf 89' lang='lat' dir='ltr'>omnibus</span> <span class='ocrx_word' id='word_1_375' title='bbox 1487 4374 1934 4457; x_wconf 85' lang='lat' dir='ltr'>quaestionibus</span> <span class='ocrx_word' id='word_1_376' title='bbox 1963 4374 2284 4454; x_wconf 86' lang='lat' dir='ltr'>agebamus</span> <span class='ocrx_word' id='word_1_377' title='bbox 2326 4376 2389 4436; x_wconf 89' lang='lat' dir='ltr'>in</span> <span class='ocrx_word' id='word_1_378' title='bbox 2418 4373 2733 4453; x_wconf 85' lang='lat' dir='ltr'>Program-</span> 
     </span>
    </p>
   </div>
   <div class='ocr_carea' id='block_1_3' title="bbox 3082 634 3084 2543">
    <p class='ocr_par' dir='ltr' id='par_1_3' title="bbox 3082 634 3084 2543">
     <span class='ocr_line' id='line_1_41' title="bbox 3082 634 3084 2543; baseline 0 0"><span class='ocrx_word' id='word_1_379' title='bbox 3082 634 3084 2543; x_wconf 95' lang='lat' dir='ltr'> </span> 
     </span>
    </p>
   </div>
  </div>
 </body>
</html>
