3084 4938
496 621 545 663 10

497 1035 547 1075 ¹5

577 331 701 394 650
1049 337 1496 384 nanos‘mssms
1529 342 1628 383 on.
1663 342 1747 381 Da
1776 342 1975 383 musa
2005 343 2386 386 mea-monn.

577 492 787 593 σείρι10
811 498 1096 587 χρηστὸν
1132 490 1362 567 εἶναιιι
1392 501 1501 565 δεῖ
1507 486 1555 527 ¹²
1587 493 1705 567 τὸν
1730 494 1809 567 τὰ
1828 488 1873 530 ¹³
1896 492 2320 584 τηλικαῦτα14
2352 504 2637 572 διοικεῖν
2654 497 2705 536 ¹⁵
2728 499 2884 587 ἄξι-

577 606 816 690 οὖντα,
865 596 1027 671 οὐδὲ
1073 597 1146 671 τό
1181 600 1624 686 πιστευθῆναι
1669 598 2091 688 προλαβόντα
2108 594 2154 634 ¹³
2200 597 2362 688 παρ’
2409 597 2605 692 ὑμῶν
2655 611 2759 685 εἰς
2799 604 2884 675 τό

577 712 774 794 μείζω
813 700 1150 773 δύνασθαι
1184 716 1590 791 κακουργεῖν
1610 704 2091 792 καταχρῆσθαι,
2111 694 2156 734 ¹⁷
2191 698 2339 773 ἀλλ’
2380 698 2607 786 ἁπλοῖς
2642 709 2887 796 μηδὲν

579 800 750 897 ὑμᾶς
795 801 1058 875 ἀδικεῖν
1109 801 1363 874 ἑκόντα.
1421 802 1607 891 (278)
1646 810 1733 873 Εἰ
1781 810 2013 873 τοίνυν
2058 798 2153 874 τιι
2210 802 2467 887 τούτοις
2512 800 2887 894 ἄπρακτόν

582 910 716 978 ἐστι
761 904 1020 977 τούτων
1039 900 1092 994 ,²
1153 901 1261 996 ἐφ’
1312 899 1411 985 οἷς
1472 908 1751 975 ἐκείνων
1800 902 2093 986 θάνατος
2141 902 2665 995 neec§sputum-ecc'3
2714 908 2841 999 ἔμ’
2860 906 2887 944 ⁴

578 1004 1000 1079 ἀποκτείνατ’
1037 1005 1186 1095 ἤδη.
1259 1023 1568 1077 σκοπεῖτε
1602 1004 1757 1095 γάρέ
1799 1001 2095 1095 ’Ἐπειδὴ
2130 1005 2311 1099 παρὰ
2341 1005 2423 1079 τὰ
2456 1008 2882 1101 γράμματα,’

578 1118 818 1200 φησίν,
862 1103 1348 1200 ’ἐπρέσβευσαν
1397 1110 1637 1179 ἐκεῖνοι
1654 1104 1693 1196 ,'
1744 1106 1818 1178 τό
1864 1104 2219 1198 ψήφισμα.“”
2300 1113 2410 1180 καὶ
2473 1108 2661 1181 τοῦτ’
2718 1116 2881 1183 ἐστὶ

575 1216 711 1283 τῶν
761 1208 1185 1300 ἐγκλημάτων
1231 1205 1544 1301 πρῶτον.6
1623 1199 1807 1280 οὗτοι
1855 1205 1921 1279 δ’
1972 1205 2053 1282 οὐ
2098 1208 2277 1300 παρὰ
2309 1209 2391 1281 τὰ
2424 1209 2792 1303 γράμματα
2812 1250 2837 1299 ;
2854 1210 2881 1249 ⁷

577 1400 706 1459 luit.
749 1399 962 1454 merito.
1035 1413 1211 1471 neque
1253 1398 1394 1453 enim
1437 1412 1466 1451 e
1509 1396 1727 1453 dimidia
1770 1404 1925 1471 parte
1968 1396 2167 1453 bonum
2199 1406 2423 1473 oportet
2450 1415 2572 1455 esse
2604 1416 2733 1456 eum
2762 1405 2877 1477 qui

577 1492 726 1549 tanta
757 1484 975 1556 negotia
1006 1484 1251 1557 suscipit.
1284 1498 1385 1539 nee
1414 1480 1516 1537 fide
1549 1489 1724 1538 vestra
1756 1491 2039 1556 praerepta
2084 1482 2233 1541 abuti
2280 1484 2343 1539 ad
2386 1486 2651 1541 maiorum
2686 1487 2878 1542 seele-

578 1568 1028 1628 rumlieentiam‚
1073 1568 1166 1624 sed
1209 1566 1367 1641 plane
1413 1584 1509 1623 vos
1538 1565 1687 1623 nulla
1718 1568 1915 1623 iniuria
1944 1566 2010 1623 de
2040 1567 2307 1626 industria
2337 1568 2569 1625 afficere.
2621 1564 2773 1647 (278)
2810 1572 2873 1627 si

579 1652 708 1729 quid
736 1655 908 1727 igitur
937 1668 1124 1709 eornm
1172 1651 1261 1708 isti
1305 1668 1414 1707 non
1445 1654 1861 1726 perpetrarunt,
1906 1660 2139 1725 propter
2178 1669 2318 1725 quae
2363 1652 2441 1708 illi
2484 1655 2681 1727 capitis
2724 1666 2869 1712 sunt

577 1738 840 1803 damnati:
874 1754 959 1793 me
981 1738 1088 1793 lam
1109 1737 1355 1794 occidite.
1415 1735 1757 1793 considerate
1788 1738 1957 1792 enim:
1991 1733 2372 1811 ‘posteaquam
2400 1746 2591 1795 eontra
2618 1738 2869 1803 literas?

577 1825 754 1899 inquit
784 1823 1061 1880 decretum
1092 1821 1242 1884 illud,
1287 1820 1637 1893 ‘legationem
1680 1819 1935 1877 obierunt
1976 1820 2097 1877 illi?
2157 1830 2321 1895 atque
2350 1821 2457 1879 hoe
2495 1825 2871 1898 praecipuum

575 2007 745 2057 Aldv.
806 2032 876 2043 —
931 1994 1165 2069 ἡμισεία
1200 2000 1407 2052 LaurS.
1465 2028 1534 2038 -
1592 1994 1824 2067 ἡμισείᾳ
1858 2001 2007 2068 vulg.
2066 2027 2135 2038 -·
2192 2002 2315 2054 vid.
2352 2003 2657 2055 Bernhard.
2698 2006 2871 2070 Synt.

576 2107 626 2158 p.
667 2088 780 2140 186.
822 2117 886 2127 —
921 2114 982 2124 —
1021 2077 1090 2139 οὗ
1124 2080 1233 2152 γὰρ
1271 2075 1371 2151 ἐφ’
1405 2077 1442 2152 ἡ
1481 2101 1569 2135 om
1594 2102 1657 2151 pr
1682 2085 1739 2136 Σ
1766 2087 1825 2137 in
1861 2087 1970 2137 fine
2006 2087 2210 2147 lineae,
2250 2087 2431 2138 altera
2453 2088 2609 2139 linea
2632 2089 2866 2155 incipit,

575 2189 728 2240 μισει
764 2171 918 2224 αιδει
954 2172 990 2222 i.
1019 2188 1066 2222 e.
1104 2172 1299 2236 μισείᾳ
1336 2168 1444 2221 δεῖ.
1483 2170 1591 2221 add
1628 2170 1755 2221 illas
1790 2170 1987 2222 literas
2023 2172 2195 2237 antiq.
2303 2172 2389 2235 11)
2428 2166 2673 2239 χρηστὸν
2700 2167 2865 2226 εἶναι

575 2276 660 2311 om
697 2274 761 2325 pr
797 2257 866 2320 Σ,
906 2256 1014 2307 add
1050 2257 1222 2321 antiq.
1295 2256 1416 2307 Non
1451 2256 1773 2306 necessaria
1807 2260 1935 2306 sunt
1971 2256 2041 2307 ad
2066 2258 2400 2308 sententiam
2436 2255 2863 2311 absolvendam.

574 2360 702 2395 nam
738 2343 830 2409 qui
869 2341 1094 2392 dimidio
1131 2343 1344 2390 tantum
1380 2356 1477 2392 suo
1515 2356 1739 2391 munere
1778 2340 2049 2406 fungitur,
2098 2341 2245 2391 male
2292 2342 2555 2407 fungitur.
2628 2342 2866 2396 Platon.

573 2430 749 2496 Legg.
787 2428 892 2478 VII
927 2442 980 2494 p.
1017 2424 1120 2477 806
1155 2425 1226 2476 0:
1273 2418 1468 2478 τέλεον
1513 2418 1622 2492 γὰρ
1670 2420 1769 2475 καὶ
1806 2414 1936 2490 οὐχὶ
1970 2414 2183 2491 ἥμισυν
2220 2423 2348 2478 δεῖν
2382 2418 2485 2476 τὸν
2521 2423 2867 2494 νομοθέτην

577 2507 748 2567 εἶναι.
818 2513 1009 2563 Potuit
1045 2511 1215 2577 igitur
1248 2511 1406 2561 loeus
1444 2527 1477 2560 a
1512 2510 1885 2562 Demosthene
1924 2513 2005 2560 sie
2042 2511 2284 2576 scriptus
2322 2526 2471 2562 ease:
2509 2502 2577 2563 οὖ
2612 2505 2727 2577 γὰρ
2756 2505 2870 2578 ἐφ’

573 2590 807 2666 ἡμισείᾳ
844 2595 944 2648 δεῖ
969 2587 1072 2646 τὸν
1107 2593 1418 2660 τηλικαῦτα
1443 2594 1689 2647 διοικεῖν
1724 2587 2014 2656 α’ξιοῦντα,
2054 2595 2149 2645 ubi
2184 2593 2431 2647 διοικεῖν
2454 2596 2541 2646 bis
2564 2601 2863 2648 construa-

577 2689 680 2746 tur,
717 2686 780 2734 ut
813 2681 937 2732 fieri
971 2680 1114 2732 solet
1151 2680 1221 2730 ad
1256 2671 1475 2743 ἀξιοῦν,
1512 2679 1581 2729 de
1620 2695 1723 2744 quo
1748 2693 1849 2729 usu
1884 2679 1997 2730 vid.
2024 2680 2261 2746 Kriiger.
2289 2680 2361 2730 ad
2382 2682 2616 2745 Dionys,
2652 2697 2709 2747 p.
2741 2681 2861 2733 117.

574 2769 837 2820 Attamen
873 2765 1160 2831 vulgatam
1195 2763 1490 2816 lectionem
1527 2763 1742 2828 reliqui,
1781 2764 1911 2828 quia
1936 2779 2071 2814 casu
2096 2765 2265 2815 etiam
2300 2765 2400 2815 illa
2436 2765 2541 2815 duo
2576 2766 2865 2818 voeabula

575 2851 950 2919 superioribus
986 2841 1168 2900 πολλοὶ
1207 2843 1476 2916 χρήσιμος
1522 2848 1915 2913 respondentia
1964 2863 2158 2900 manus
2194 2849 2373 2914 prima
2410 2849 2467 2900 Σ
2496 2848 2657 2900 oculo
2693 2851 2860 2902 aber-

575 2941 734 2988 rante
772 2935 842 2986 ab
878 2949 1028 2986 σειαι
1079 2938 1136 2984 et
1171 2949 1256 2998 χρ.
1307 2947 1456 2982 ειναι
1494 2933 1849 2983 transiliente
1888 2934 2141 2984 omisisse
2178 2933 2423 2996 videtur,
2476 2937 2645 2985 etiam
2691 2935 2861 2986 obelo

572 3021 728 3072 loeus
763 3021 821 3070 in
855 3019 958 3070 hoe
996 3017 1190 3069 codiee
1226 3022 1450 3068 notatus
1487 3020 1588 3068 est.
1720 3015 1803 3080 12)
1841 3032 1927 3081 χρ.
1968 3016 2070 3068 δεῖ
2096 3010 2250 3068 εἶναι
2286 3017 2486 3070 Lam-8.
2617 3019 2703 3084 13)
2754 3013 2861 3072 τὸν

573 3098 643 3156 τὰ
678 3104 884 3154 Laan.
921 3101 1072 3168 vulg.
1111 3128 1168 3138 —
1211 3094 1281 3152 τὰ
1319 3117 1404 3152 om
1441 3117 1504 3167 pr
1541 3100 1596 3151 Σ
1630 3099 1761 3164 (add
1796 3101 1951 3166 antiq
1988 3117 2095 3151 non
2131 3106 2195 3152 ut
2218 3102 2446 3155 videtur
2488 3105 2607 3169 ipse
2646 3105 2859 3170 primns

573 3187 800 3249 scriba).
823 3186 904 3241 Ω.
922 3185 984 3237 Τ.
1002 3188 1174 3253 Augt.
1194 3203 1238 3238 s.
1267 3187 1504 3238 Gravius
1526 3189 1611 3235 est
1630 3177 1708 3234 τά
1733 3185 1911 3251 τηλικ.
1939 3185 2025 3235 Cf.
2047 3189 2095 3249 §-
2108 3184 2226 3239 284.
2300 3185 2381 3251 14)
2404 3181 2504 3238 τὸν
2520 3179 2590 3239 τὰ
2612 3189 2859 3242 τοιαῦτα

573 3273 768 3324 vind—1.
876 3271 962 3336 15)
998 3269 1246 3322 διοικοῖν
1278 3268 1342 3325 Ω
1377 3269 1557 3334 (euius
1592 3271 1794 3336 prima:
1842 3268 2138 3334 διοῖκοιν).
2196 3298 2259 3308 --
2313 3271 2512 3323 δοκεῖν
2556 3289 2623 3339 pr
2658 3271 2733 3324 Π.
2792 3303 2859 3312 --

571 3347 805 3409 ἀδικεῖν
837 3357 958 3408 Bav
995 3357 1123 3421 (non
1151 3354 1266 3419 F?).
1373 3354 1457 3419 16)
1495 3349 1893 3421 προσλαβόντα
1930 3355 2141 3408 Aldetc.
2178 3371 2273 3407 see
2308 3373 2361 3407 m
2397 3356 2603 3408 LaurS.
2644 3367 2681 3410 ι.
2716 3377 2770 3410 u.
2808 3377 2853 3410 v.

573 3441 768 3494 vind3.
807 3441 934 3495 chr.
992 3467 1060 3477 -·-
1117 3433 1479 3508 προλαβόντα
1515 3440 1585 3492 Σ.
1638 3455 1703 3504 pr
1736 3439 1943 3490 Laut-S.
1990 3439 2138 3506 vulg.
2194 3468 2257 3477 —-
2311 3433 2645 3508 λαβόνταλε.
2692 3444 2856 3496 Harl.

575 3527 660 3591 17)
697 3520 1174 3593 καταχρήσασθαι
1209 3525 1380 3590 Augl.
1416 3526 1468 3575 lc.
1502 3543 1545 3577 ε.
1585 3551 1648 3560 -
1689 3517 2015 3590 χρήσασθαι
2052 3525 2155 3577 eod
2190 3525 2243 3577 δ.

711 3611 854 3667 278.
927 3608 977 3670 1)
1013 3609 1076 3660 τί
1105 3609 1225 3660 Ald.
1263 3609 1384 3660 Pel.
1497 3608 1551 3672 2)
1588 3604 1803 3661 τούτων
1838 3599 1973 3674 ἇπρ.
2012 3602 2059 3670 ἔ.
2093 3602 2330 3669 τούτους
2364 3611 2491 3662 Ald.
2530 3636 2585 3646 —
2638 3604 2857 3664 τούτων

574 3685 710 3761 ἅπρ.
753 3687 796 3748 ἒ.
833 3689 1114 3753 τούτοις
1148 3693 1269 3745 Fel.
1307 3695 1441 3744 Mor.
1480 3693 1652 3744 Aldv.
1692 3693 1865 3760 Augl.
1903 3695 1954 3744 lc.
1989 3711 2034 3744 ε.
2094 3721 2159 3731 --
2210 3687 2433 3754 τούτοις
2469 3684 2605 3760 ἇπρ.
2642 3689 2688 3746 ἐ.
2725 3690 2857 3749 τού-

575 3796 688 3831 των
723 3777 792 3830 Σ.
830 3777 1035 3830 LaurS.
1073 3779 1218 3844 vulg.
1288 3778 1414 3840 ‘Qui
1437 3778 1727 3829 verborum
1754 3778 1885 3830 ordo
1910 3782 2160 3844 praestat
2184 3785 2245 3828 ut
2267 3781 2503 3845 iungens
2528 3781 2853 3847 iungenda.’

581 3864 1022 3916 Sehaeferus.
1135 3861 1188 3924 3)
1224 3855 1574 3927 κατέγνωται
1613 3870 1649 3913 t.
1754 3863 1808 3929 4)
1844 3855 1981 3927 ἄπρ.
2020 3899 2032 3914 .
2062 3902 2075 3916 .
2102 3902 2116 3917 .
2157 3853 2247 3928 ἔμ’
2286 3880 2373 3914 om
2408 3882 2457 3918 u.
2560 3851 2618 3927 5)
2652 3863 2753 3916 καὶ
2790 3863 2853 3918 τὸ

575 3943 852 4016 ψήφισμα
887 3947 1092 4001 LaurS.
1129 3946 1278 4012 vulg.
1316 3975 1379 3985 —
1415 3945 1514 3999 καὶ
1552 3964 1637 3999 om
1675 3948 1751 4008 Σ,
1790 3948 2002 3999 habene
2036 3940 2101 3998 τὸ
2136 3939 2427 4014 ψήφισμα.
2462 3975 2529 3986 -
2566 3947 2664 4002 καὶ
2700 3966 2749 4001 τ.
2789 3960 2852 4016 ψ.

577 4051 665 4085 om
699 4032 872 4098 Augl.
910 4031 959 4082 k.
995 4049 1039 4082 ε.
1113 4031 1395 4083 ‘Delenda
1441 4047 1564 4084 esse
1610 4049 1719 4083 non
1765 4030 2001 4086 dubito)
2056 4031 2312 4083 Schaef
2322 4048 2490 4084 erus·
2559 4035 2683 4085 vid.
2718 4036 2851 4086 Pro·

573 4119 725 4185 legg.
764 4117 898 4186 Crit.
936 4134 990 4183 p.
1026 4115 1145 4168 230.
1283 4115 1338 4182 6)
1373 4111 1438 4168 τὸ
1473 4116 1699 4182 πρῶτον
1734 4118 1883 4184 vulg.
1938 4145 2002 4156 --
2060 4108 2124 4168 τὸ
2160 4133 2248 4167 om
2285 4116 2353 4168 Σ.
2388 4117 2599 4168 Lam-S.
2658 4119 2852 4170 Recte.

575 4219 706 4254 nam
740 4217 848 4252 non
883 4217 1048 4253 unum
1095 4201 1260 4268 idque
1306 4205 1532 4270 primum
1574 4204 1785 4255 crimen
1820 4202 2175 4268 intelligitur.
2222 4203 2320 4252 sed
2366 4202 2603 4252 omnium
2638 4205 2854 4270 praeei-

575 4303 756 4354 puum.
830 4286 916 4341 Cf.
955 4288 1258 4339 Bernhard.
1298 4289 1451 4353 Synt.
1491 4306 1545 4355 p.
1582 4288 1700 4343 317.
1737 4313 1805 4324 -—
1843 4315 1903 4322 --
1942 4279 2153 4339 ἐκεῖνοι
2192 4323 2205 4337 .
2234 4323 2247 4338 .
2275 4323 2289 4338 .
2326 4286 2552 4352 πρῶτον
2586 4303 2673 4338 om
2708 4287 2855 4338 Mar-

525 4389 531 4398 ·
578 4372 812 4425 collinus
857 4373 961 4424 Rh.
1008 4373 1072 4424 Τ.
1111 4373 1188 4426 IV
1223 4389 1277 4440 p.
1315 4373 1432 4424 427.
1505 4373 1641 4424 Cum
1686 4374 1792 4424 hoe
1839 4373 2002 4426 Rhet.
2040 4371 2162 4424 loeo
2208 4372 2283 4422 ef.
2322 4373 2411 4437 qui
2447 4373 2497 4434 ἓ.
2532 4373 2631 4422 277
2668 4379 2784 4426 not.
2822 4371 2855 4424 3
