3084 4938
471 298 593 362 388
766 314 948 355 Axon.
981 314 1127 355 Ano.
1158 314 1223 355 m
1252 312 1570 357 numos'rn.
1601 314 1706 360 οη.
1736 315 1821 357 nn
1851 314 2050 355 PALSA
2081 312 2462 356 mestrem-2.

384 496 437 535 σο
468 494 625 547 τους
662 460 739 535 δέ
772 462 1003 536 oniam?
1060 466 1161 557 (9)
1203 470 1293 537 Οἱ
1326 466 1400 536 δὲ
1440 462 1786 555 Ἀθηναῖοι
1823 470 2211 547 πεισθέντες
2228 474 2552 558 Αἰσχίνῃ,
2591 471 2756 559 ἐχει-

382 903 433 943 25

328 1304 429 1355 338

470 565 841 657 ροτόνησαν
874 575 1105 657 τρίτην
1140 572 1541 658 πρεσβείαν,
1581 567 1978 657 βουλόμενοι
2001 581 2284 658 μαθεῖν,
2325 576 2386 639 εἰ
2407 566 2748 659 φυλάττειι

469 677 801 752 Φίλιππος
844 667 925 740 τοὶ
970 665 1091 741 ὑπ’
1142 677 1465 759 Αἰσχίνου
1524 674 1866 761 λεχθέντα.
1939 673 2050 739 καὶ
2111 669 2480 760 ἐξωμόσατο
2526 685 2754 762 Δημο-

466 774 715 859 σθένης
762 769 925 861 μήτε
958 775 1365 861 πρεσβεῦσαι
1411 769 1578 861 μήτε
1611 788 1964 843 κοινωνεῖν
1985 825 2004 860 ,
2045 782 2175 841 εἴτε
2209 776 2428 853 καλῶς
2466 784 2600 843 εἴτε
2634 802 2748 843 κα-

465 878 597 955 κοῖς
642 871 869 963 πράξει
914 867 959 961 ἡ
1004 880 1342 963 πρεσβεία.
1415 875 1527 943 καὶ
1575 871 1724 943 τότε
1769 876 2100 963 φοβηθεὶς
2147 868 2182 942 ὁ
2223 880 2578 964 Αἰσχίνης,
2627 874 2748 964 μή·

464 1002 624 1046 ποτε
668 977 895 1063 μένων
944 968 981 1044 ὃ
1018 969 1499 1065 Δημοσθένηςῖ
1549 976 1802 1064 πέμψαι
1847 971 2100 1044 πείσει3
2143 973 2262 1045 τὸν
2313 980 2524 1065 δῆμον
2567 971 2742 1057 τοῖς·1

460 1080 777 1147 Φωκεῦσι
813 1074 1173 1165 βοήθειαν,
1210 1073 1764 1165 προςεποιήσατο,
1803 1070 1894 1157 οἷς
1930 1080 2106 1164 λέγει
2121 1080 2586 1166 Δημοσθένης,
2623 1074 2738 1168 ἆρ-

464 1193 767 1267 ρωστεῖν.
842 1180 954 1247 καὶ
998 1176 1147 1247 τότε
1188 1172 1225 1246 ὁ
1274 1173 1564 1266 ἀδελφὸς
1601 1175 1814 1249 αὐτοῦ
1847 1174 2150 1268 Εὔνομος
2185 1168 2398 1267 ἦλθεν
2435 1186 2605 1268 ἔχων
2641 1187 2737 1249 ἰα-

461 1276 625 1369 τρόν
660 1280 771 1348 καὶ
806 1274 1112 1368 ὀμνύων,
1150 1274 1251 1349 ὅτι
1285 1274 1618 1368 ἆρρωστεῖ
1651 1274 2018 1369 Αἰσχίνηςὸ
2064 1282 2174 1349 καὶ
2211 1276 2418 1351 αὐτὰν
2451 1277 2570 1351 τὸν
2605 1278 2739 1351 Εὕ-

460 1408 671 1469 νομον
715 1375 865 1451 ἀντὶ
911 1374 1189 1451 τούτου6
1237 1379 1736 1469 ἐχειροτόνησεν
1767 1377 1804 1452 ὁ
1855 1384 2059 1470 δῆμος
2098 1380 2532 1471 πρεσβευτήν.
2607 1385 2740 1452 Καὶ

458 1478 895 1552 ἀπελθόντων
939 1480 1197 1553 τούτων
1241 1486 1377 1552 τῶν
1424 1486 1802 1572 πρέσβεων,
1852 1478 1941 1563 ὥς
1977 1476 2377 1570 κατέλαβον7
2414 1480 2737 1571 Εὔβοιαν,
2787 1494 2800 1501 ’

459 1580 791 1673 ἥκουσαν,
838 1580 941 1654 ὅτι
990 1585 1262 1664 Φωκέας
1312 1580 1833 1673 κατεστρέψατοδ
1879 1578 1950 1653 5⁹
2001 1591 2362 1673 Φίλιππος,
2423 1587 2534 1653 καὶ
2589 1581 2735 1674 μετ’

460 1682 781 1775 αἰσχύνης
824 1680 1269 1775 ὑπέστρεψαν.
1344 1684 1672 1773 ἐλθούσης
1712 1686 1787 1755 δὲ
1833 1688 1948 1773 τῆς
1983 1694 2203 1775 τρίτης
2249 1692 2606 1776 πρεσβείας
2645 1693 2738 1768 εἰς

354 1796 357 1800 ’
458 1784 582 1877 τὴν
623 1783 925 1875 Ἀττικὴν
974 1794 1293 1877 Αἰσχίνης
1340 1782 1955 1877 αύτοχειροτόνητος
2001 1784 2414 1877 πρεσβευτὴς
2472 1783 2738 1876 ἀπῆλθε

376 2116 425 2153 10

459 1885 622 1977 πρὸς
660 1896 1034 1975 Φίλιππον,
1074 1884 1160 1967 ὥς
1198 1889 1373 1976 λέγει
1409 1891 1870 1977 Δημοσθένης.

616 1999 711 2059 10.
762 1986 1000 2059 Ἰστέον
1037 1990 1143 2076 δὲ,
1180 1982 1315 2058 ὅτιι
1352 1986 1513 2078 μετὰ
1550 1986 1673 2078 τὴν
1707 1997 2068 2081 πρεσβείαν
2106 1993 2376 2071 ἕκαστος
2409 1994 2548 2060 τῶν
2581 1992 2734 2080 πρέ-

456 2097 678 2178 σβεων
714 2086 1011 2171 εὐθύνας
1050 2094 1297 2160 ἐδίδου.
1370 2092 1481 2159 καὶ
1518 2086 1572 2179 ἡ.
1595 2089 1981 2180 μὲνπρώτη
2019 2098 2339 2180 πρεσβεία
2373 2086 2738 2180 παρέσχεν2

458 2186 759 2272 εὐθύνας
794 2187 989 2277 οὕτω,
1009 2194 1259 2279 καλῶς,
1308 2188 1471 2272 ὥςτε
1516 2189 1634 2263 τὸν
1669 2195 2120 2281 Δημοσθένην
2169 2189 2420 2282 γράψαι
2465 2196 2736 2263 καλέσαι

454 2286 736 2373 αύτοῦς3
774 2289 878 2363 ἐπ’
920 2290 1211 2384 ἄριστον.
1280 2300 1437 2375 ἔθος
1471 2290 1598 2385 γὰρ
1633 2286 1720 2382 ἦν
1742 2292 1898 2375 τούς
1931 2297 2146 2374 καλῶς
2170 2289 2736 2384 πρεσβεύωιιντας4

453 2481 617 2519 surus
660 2472 717 2520 et
755 2464 1099 2538 perditurus,
1146 2464 1243 2521 hos
1286 2473 1708 2522 conservaturus
1741 2473 1905 2520 esset.
1981 2461 2056 2536 (9)
2100 2463 2456 2520 Athenienses
2484 2465 2734 2520 Aeschini

408 2567 416 2574 ·
452 2547 612 2605 fidem
643 2549 921 2612 habentes.
954 2552 1166 2606 tertiam
1193 2550 1517 2622 legationem
1542 2550 1914 2611 decreverunt,
1947 2549 2238 2620 cognituri.
2271 2557 2511 2605 staretne
2532 2549 2736 2622 Philip-

452 2649 557 2707 pus
598 2633 1083 2707 pollicitationibus
1124 2635 1424 2691 Aeschinis.
1470 2633 1860 2690 Demosthenes
1890 2640 1945 2688 et
1975 2632 2298 2706 legationem
2329 2635 2560 2689 eiuravit
2587 2641 2644 2689 et
2674 2649 2734 2688 se

450 2720 665 2790 negavit
696 2721 983 2792 quicquam
1015 2735 1135 2774 cum
1168 2719 1440 2791 legatione
1472 2721 1552 2774 rei
1575 2718 1903 2779 habiturum,
1932 2719 2044 2772 sive
2067 2733 2126 2774 ea
2157 2715 2294 2772 hene
2325 2719 2436 2773 sive
2465 2717 2604 2774 male
2635 2717 2730 2774 ob-

452 2805 641 2859 iretur.
710 2803 841 2858 Tum
866 2807 1071 2859 veritus
1093 2805 1404 2865 Aeschines,
1438 2819 1505 2858 ne
1535 2818 1758 2859 manens
1789 2802 1932 2858 domi
1957 2801 2346 2858 Demosthenes
2377 2802 2731 2875 persuaderet

450 2888 675 2968 popul-o,
706 2895 768 2943 ut
797 2887 1166 2948 Phocensibus
1196 2888 1449 2944 auxilium
1481 2889 1737 2947 mitteret.
1773 2888 2007 2949 simulat,
2039 2895 2102 2942 ut
2131 2889 2206 2943 ait
2233 2886 2638 2948 Demosthenes,
2671 2903 2730 2942 se

450 2981 751 3044 aegrotare.
815 2975 959 3028 venit
1002 2973 1174 3027 l'rater
1200 2976 1317 3028 eius
1348 2971 1623 3027 Eunomus
1653 2971 1995 3046 adductoque
2024 2971 2232 3028 medico
2275 2973 2418 3027 iurat
2447 2979 2732 3044 aegrotare

448 3055 783 3112 Aeschinem.
860 3059 937 3112 sic
976 3058 1153 3130 ipsum
1183 3056 1482 3112 Eunomum
1516 3057 1796 3112 Aeschinis
1838 3056 1960 3112 loco
2003 3054 2241 3130 populus
2284 3055 2522 3128 legatum
2563 3064 2731 3113 creat.

449 3139 551 3207 Qui
582 3140 745 3212 legati
778 3158 943 3214 quum
976 3141 1271 3202 abiissent,
1304 3148 1365 3195 ut
1396 3143 1448 3196 in
1482 3139 1752 3197 Euboeam
1785 3148 2176 3215 pervenerunt,
2211 3140 2462 3196 audivere
2490 3140 2730 3196 Phocen-

450 3240 537 3280 ses
568 3241 787 3281 eversos
820 3243 939 3282 esse
970 3243 1001 3281 a
1028 3225 1295 3299 Philippo,
1327 3235 1383 3281 et
1412 3243 1532 3282 cum
1566 3225 1828 3281 dedecore
1861 3226 2155 3282 redierunt.
2200 3225 2432 3282 Reversa
2466 3228 2622 3281 tertia
2655 3225 2730 3280 le-

447 3313 665 3383 gatione
718 3311 771 3365 in
814 3311 1072 3373 Atticam,
1126 3311 1417 3366 Aeschines
1464 3329 1561 3366 sua
1613 3312 1938 3367 auctoritate
1981 3310 2194 3382 legatus
2246 3309 2376 3365 abiit
2421 3310 2486 3367 ad
2527 3309 2731 3384 Philip-

446 3412 573 3468 pum
592 3438 605 3458 ,
638 3403 699 3450 ut
726 3397 803 3452 ait
829 3395 1234 3452 Demosthenes.

618 3483 699 3536 10.
745 3479 1029 3536 Sciendum
1060 3487 1145 3535 est
1189 3473 1366 3535 aut'cm
1409 3487 1537 3552 post
1579 3479 1906 3552 legationem
1941 3478 2189 3552 singulos
2221 3480 2433 3552 legatos
2465 3482 2727 3536 rationem

448 3565 758 3620 reddidisse.
834 3568 909 3620 Ac
938 3566 1107 3640 prima
1140 3563 1339 3636 legatio
1376 3571 1478 3619 tam
1512 3563 1788 3637 praeclare
1832 3567 2099 3620 rationem
2147 3563 2406 3626 reddidit.
2449 3574 2510 3620 ut
2540 3565 2728 3619 Demo-

448 3648 667 3704 sthenes
698 3665 814 3704 eam
847 3649 1065 3704 decreto
1098 3647 1161 3704 ad
1192 3647 1475 3723 prandium
1509 3649 1834 3706 invitandam
1869 3651 2161 3722 rogaverit.
2223 3651 2393 3705 moris
2424 3649 2564 3704 enim
2596 3657 2726 3709 erat,

581 3821 661 3884 9.
708 3829 759 3904 1)
819 3825 1096 3895 φυλάττοι
1140 3829 1335 3882 Vindl.
1380 3831 1537 3880 Less.
1642 3831 1694 3893 2)
1755 3825 1944 3896 μένων
1997 3821 2028 3883 ὁ
2065 3833 2213 3896 Δημ.
2252 3848 2338 3883 om
2375 3829 2568 3881 Vindl.
2673 3829 2724 3892 3)

442 3911 613 3980 πείσῃ
648 3913 772 3963 Ald.
810 3914 968 3963 Less.
1006 3913 1203 3966 Vindr.
1319 3912 1379 3980 4)
1426 3919 1548 3974 τοῖς
1585 3931 1670 3965 om
1709 3915 1905 3968 vindi.
2011 3916 2063 3977 5)
2101 3905 2232 3979 οἷόᾆ.
2271 3906 2300 3966 ὁ
2338 3909 2493 3980 Αἰσχ.
2530 3914 2726 3964 vindi.

370 4019 385 4032 ·
442 3997 495 4060 6)
556 3986 739 4049 ἄντ’όυ
776 3997 879 4048 τοῦ
916 4014 989 4048 an
1026 3987 1157 4048 ἄντ’
1194 3989 1409 4049 αύτοῦῗ
1444 4016 1508 4064 pr
1544 4000 1590 4050 V
1595 3999 1737 4049 indi.
1891 3999 1942 4062 7)
2002 3994 2316 4064 κατέλαβεν
2353 3999 2547 4051 Vind7.
2672 3997 2727 4059 8)

442 4077 866 4148 ηατεστρέψατο
905 4075 1134 4142 Φωκέας
1171 4082 1362 4134 Vindl.
1402 4083 1449 4131 7.
1555 4083 1608 4144 9)
1647 4077 1676 4133 ὁ
1715 4099 1801 4133 om
1841 4083 1960 4133 Ald.
1999 4084 2118 4134 Fet.

578 4169 681 4224 ιο.
754 4166 803 4230 1)
842 4154 932 4225 gu
969 4183 1055 4218 om
1090 4167 1285 4220 vindv.
1389 4167 1441 4231 2)
1481 4162 1734 4218 δέδωκεν
1767 4167 1966 4219 vindv.
2071 4167 2124 4230 3)
2163 4160 2374 4226 αὐτοὺς
2409 4183 2496 4217 om
2535 4165 2729 4216 vimn.

439 4249 499 4316 4)
536 4248 1067 4318 πρεσβευσαμένονς
1103 4252 1251 4302 libri.
1323 4252 1612 4302 ‘Debebat
1655 4253 1904 4318 scribere
1942 4245 2434 4318 πρεσβεύσαντας-3
2471 4251 2729 4302 Schae-

443 4338 647 4391 seruS.
720 4339 793 4387 Et
830 4339 907 4387 ita
944 4338 1170 4404 scripsit
1210 4340 1257 4400 ξ.
1295 4335 1328 4385 9
1362 4334 1726 4401 πρεσβεῦσαι.
1793 4395 1800 4406 „
