3084 4938
877 337 1320 382 nmosmms
1353 337 1589 380 ona-1³10
1622 337 1707 379 nn
1737 336 2012 380 cenom.
2460 319 2581 382 307

304 525 415 586 χος
474 497 586 565 καὶ
642 490 1041 584 προηγεμών
1055 487 1102 526 ¹⁰
1152 494 1266 563 καὶ
1312 484 1755 596 κιττοφόροςῃ
1809 491 1921 560 καὶ
1968 480 2426 579 λικνοφόρος12
2472 489 2583 558 καὶ

305 701 430 740 num
464 684 646 739 serens
677 689 732 736 et
762 683 881 737 eius
911 682 1128 753 generis
1158 679 1279 736 aliis
1309 679 1619 736 nominibus
1652 677 1719 734 ab
1751 676 1981 734 aniculis
2014 675 2349 738 salutabat-e,
2382 690 2585 730 meree-

304 949 478 1048 ἇττῆς
534 947 708 1048 ἅττηις
764 947 872 1048 ῧῆς
929 999 974 1032 ν.
1033 1007 1100 1016 -
1157 984 1248 1038 υϊς
1291 967 1452 1037 ἆττις
1495 970 1655 1037 ἅττις
1700 983 1792 1038 vilg-
1826 977 2035 1029 Laui-S.
2082 979 2233 1028 Man.
2272 977 2405 1028 Urb.
2443 977 2585 1042 Aug.

306 1068 532 1120 IndAld.
571 1055 684 1132 (ὄις
719 1066 914 1130 AldV).
954 1092 1016 1100 —
1051 1053 1192 1130 ἄτης
1215 1064 1338 1115 loco
1363 1053 1538 1128 ἄττης
1565 1063 1808 1113 coniecit
1831 1062 2018 1113 Vales.
2044 1060 2273 1112 Emend.
2299 1078 2352 1128 p.
2380 1059 2476 1110 107
2501 1075 2583 1126 sq.

311 1159 368 1204 et
403 1152 474 1202 ad
508 1152 792 1203 Maussaci
837 1151 1106 1216 Harpocr.
1152 1165 1205 1215 p.
1247 1146 1361 1200 101.
1419 1135 1611 1213 ’Ἄττης
1661 1163 1859 1198 nomen
1895 1147 2031 1196 satis
2078 1145 2453 1197 confirmatum
2503 1148 2589 1195 est

313 1251 412 1302 per
447 1237 686 1287 Pausan.
721 1236 856 1297 vll,
907 1234 970 1285 17
1015 1235 1064 1296 §-
1099 1230 1132 1283 5
1187 1233 1322 1298 ibiq.
1385 1231 1641 1283 Siebelis.
1696 1231 1944 1298 aliosque
1999 1231 2311 1297 scriptores.
2385 1230 2586 1294 Quam-

311 1336 470 1386 quam
515 1321 787 1386 originem
829 1319 1066 1370 nominis
1112 1317 1358 1368 indicere
1404 1333 1514 1367 non
1561 1331 1797 1383 possum.
1868 1331 1996 1366 nam
2031 1316 2193 1367 nobis
2230 1315 2442 1380 quidem
2480 1329 2588 1364 non

310 1405 498 1470 placet
540 1405 808 1456 Bochai-ti
855 1402 1154 1469 explicatio
1200 1402 1342 1468 Opp.
1387 1401 1452 1452 T.
1497 1403 1524 1452 Ι
1571 1401 1803 1453 column.
1853 1399 1950 1449 441
2010 1401 2095 1451 ed.
2141 1398 2469 1451 Villemand.
2533 1402 2591 1449 et

311 1490 508 1540 Leusd.
544 1489 674 1540 Alia
709 1487 862 1539 dedit
895 1487 1143 1538 Lobeck.
1182 1477 1553 1554 Aglaophamf
1578 1489 1809 1537 Excurs.
1845 1485 1977 1535 XIII
2012 1485 2076 1536 T.
2114 1485 2171 1535 11
2207 1501 2258 1550 p.
2301 1481 2429 1533 1041
2468 1497 2587 1548 sqq.

315 1572 395 1638 10)
431 1565 663 1641 ἦγεμών
696 1572 968 1644 Aristides
1004 1571 1108 1622 Rh.
1145 1571 1210 1622 T.
1248 1571 1327 1621 IX
1361 1587 1416 1636 p.
1451 1569 1554 1620 458
1588 1570 1679 1620 W.
1715 1569 1890 1636 Aug4.
1965 1568 2046 1632 11)
2084 1560 2425 1633 κιττοφόρος
2460 1566 2591 1618 libri

308 1659 466 1708 Dem.
516 1673 722 1709 omnes.
793 1657 935 1708 Item
979 1655 1270 1706 Aristides.
1342 1654 1612 1705 Libanins
1654 1653 1907 1704 Declam.
1954 1654 2017 1704 T.
2056 1654 2131 1703 IV
2176 1669 2229 1718 p.
2275 1650 2376 1702 9⁷5
2412 1653 2476 1702 R.
2525 1678 2592 1687 —-

310 1743 594 1794 Rubenius
631 1741 873 1794 coniecit
908 1733 1265 1808 κιστοφόρος.
1314 1739 1502 1790 Seeuti
1539 1743 1667 1789 sunt
1702 1737 2085 1804 spanhemius,
2122 1736 2409 1802 Taylorus‚
2435 1736 2591 1785 Reis-

311 1827 470 1892 kius‚
542 1827 864 1890 Bekkerus,
935 1825 1256 1877 Lobeckius
1325 1822 1382 1888 (1.
1423 1838 1470 1874 c.
1518 1823 1583 1874 T.
1619 1823 1649 1873 1
1694 1839 1745 1889 p.
1782 1815 1934 1888 647),
2007 1821 2121 1872 alii.
2194 1819 2305 1872 Cur
2360 1835 2462 1871 nos
2522 1820 2592 1870 ad

312 1917 526 1962 nostros
579 1911 800 1962 codices
853 1911 1268 1972 rever-terimus,
1323 1909 1671 1975 exposuimus
1716 1909 2053 1973 Programm.
2098 1905 2363 1958 Francos.
2402 1901 2590 1957 18401».

311 1997 500 2062 Neque
537 1995 998 2062 Harpocrationis
1035 1994 1256 2045 codices
1291 1993 1443 2043 illam
1483 1992 1859 2044 coniecturam
1895 1992 2035 2042 satis
2072 1990 2411 2041 confirmant.
2466 2005 2593 2039 nam

313 2096 418 2131 non
452 2079 883 2131 Demosthenem
929 2080 1242 2130 citaverunt
1275 2079 1547 2143 Harpocr.
1592 2076 1857 2143 reliquive
1896 2075 2327 2142 Lexicographi,
2377 2074 2476 2125 sed
2512 2075 2593 2124 sic

312 2165 577 2231 Harpocr.
625 2163 918 2215 Palatinus
963 2163 999 2218 i.
1039 2179 1087 2214 e.
1136 2163 1374 2229 optimus
1411 2162 1528 2214 eius
1566 2161 1765 2213 codem
1836 2152 2214 2226 Κιττοφόρος.
2262 2153 2407 2210 ἔνιοι
2451 2149 2593 2224 μετὰ

312 2248 415 2318 τοῦ
461 2263 494 2299 σ
527 2243 876 2315 γράφουσιν,
925 2240 1280 2314 κιστοφόρος.
1355 2240 1542 2298 ἔοικεν
1589 2239 1655 2298 δὲ
1701 2239 1802 2305 τὰς
1838 2244 2036 2304 κίστας
2072 2237 2232 2309 ἱεράς
2268 2237 2417 2296 εἶναι
2458 2245 2590 2294 Διο-

315 2327 490 2384 νόσου
533 2331 630 2387 καὶ
674 2338 808 2386 ταῖν
853 2332 1048 2384 θεαῖν.
1119 2333 1367 2382 Tuentur
1410 2337 1636 2397 praeter
1679 2346 1800 2381 eum
1834 2331 2295 2398 Harpocratienis
2348 2329 2595 2402 codicem

313 2419 418 2472 hoc
455 2411 794 2486 κιστοφόρος
833 2421 888 2468 et
923 2417 1121 2477 κίστας
1157 2415 1317 2468 codd.
1353 2415 1488 2466 Fed.
1515 2415 1751 2478 Morelli,
1779 2414 2087 2479 Medieeus,
2114 2413 2595 2480 Cantabrigiensis

317 2510 372 2554 et
408 2505 506 2555 alii
541 2504 753 2568 Bekk.‚
801 2520 898 2570 pro
948 2518 1058 2569 qua
1102 2502 1348 2553 lectione
1383 2501 1553 2567 vulgo
1594 2492 1692 2551 διὰ
1732 2491 1837 2551 δύο
1874 2514 1965 2564 σσ,
2006 2492 2347 2565 κισσοφόρος
2383 2504 2442 2549 et
2473 2496 2592 2549 κίσ·

315 2602 442 2653 σας,
493 2605 654 2654 quam
699 2588 995 2639 lectionem
1042 2588 1239 2637 merito
1283 2587 1483 2637 reiecit
1525 2584 1781 2647 Valesius
1830 2585 1900 2636 ad
1934 2586 2213 2635 Maussae.
2250 2601 2302 2650 p.
2342 2582 2441 2635 377
2477 2599 2595 2649 sqq.

314 2675 396 2723 Ex
432 2674 705 2740 Harpocr.
746 2672 1074 2738 corrigenda
1121 2677 1246 2722 sunt
1289 2669 1629 2721 BkkAnecd.
1666 2686 1719 2736 p.
1755 2670 1855 2719 272
1900 2670 2022 2722 init.
2058 2670 2168 2720 sic.-
2216 2663 2595 2733 Κιττοφόροςι

316 2748 347 2808 ὁ
382 2752 482 2808 τὸν
517 2751 710 2810 κιττὸν
748 2756 1119 2821 (scribebatur
1153 2753 1366 2821 κίττον)
1406 2753 1618 2820 φορῶν.
1662 2752 1855 2822 [addez
1895 2748 2037 2806 ἔνιοι
2073 2744 2214 2819 μετὰ
2252 2752 2357 2803 τοῦ
2392 2767 2424 2803 σ
2460 2746 2599 2817 ’γρά-

317 2856 530 2907 φουσιν
585 2834 979 2908 κιστοφόρος],
1042 2832 1126 2891 ἵν’
1171 2826 1208 2907 ᾖ
1253 2832 1284 2890 ὃ
1332 2834 1526 2906 φέρων
1567 2832 1676 2907 τὴν
1718 2839 1937 2906 κίστην.
2010 2838 2097 2889 Cf.
2150 2836 2298 2888 Suid.
2348 2841 2403 2887 et
2437 2836 2597 2890 Phot.

317 2928 634 2979 Invenimus
681 2931 863 2977 autem
911 2926 1057 2993 apud
1093 2925 1385 2990 cyriacum
1432 2926 1841 2976 Anconitanum
1887 2922 2279 2974 Demosthenis
2313 2921 2485 2971 verba
2522 2922 2600 2971 ci·

315 3017 526 3063 tantem
563 3013 623 3062 in
660 3011 888 3063 scholiis
924 3010 992 3061 ad
1033 3010 1214 3061 Strab.
1252 3010 1290 3061 l.
1319 3026 1367 3061 e.
1404 3026 1538 3061 sane
1574 3010 1872 3061 lectionem
1907 2999 2267 3073 κιστοφόρος,
2293 3006 2479 3056 omisit
2504 3020 2599 3055 au-

317 3101 428 3146 tem
476 3096 570 3147 ille
623 3094 723 3149 καὶ
777 3088 1139 3162 λικνοφόρος.
1209 3094 1334 3145 vid.
1371 3094 1681 3145 Tzschuck.
1742 3095 1811 3146 ad
1862 3094 2009 3144 hunc
2047 3091 2431 3158 Geographum
2476 3090 2512 3140 l.
2554 3106 2600 3141 c.
2674 3148 2683 3155 ,

318 3180 483 3232 Certe
527 3182 672 3232 haec
720 3182 941 3233 omissio
986 3195 1094 3231 non
1129 3180 1249 3231 sine
1286 3180 1519 3231 ratione.
1591 3194 1856 3246 nusquam
1895 3179 2040 3229 enim
2076 3176 2222 3227 idem
2258 3168 2601 3240 λικνοφόρος

316 3262 414 3318 καὶ
466 3258 808 3331 κιστοφόρος
855 3265 1083 3327 dicitur,
1129 3280 1258 3314 nam
1311 3268 1406 3314 aut
1451 3261 1618 3329 κίστη
1656 3269 1711 3314 et
1746 3262 1940 3321 λίκνος
1978 3261 2172 3312 eadem
2207 3266 2332 3313 sunt
2369 3262 2603 3326 mystica

317 3365 470 3411 vasa,
507 3356 624 3403 tum
659 3352 895 3417 alterum
928 3348 1258 3403 vocabulum
1295 3349 1623 3414 superfluum
1664 3354 1765 3411 est,
1806 3353 1903 3399 aut
1926 3352 2053 3399 sunt
2076 3345 2315 3409 diversa,
2354 3351 2468 3395 tum
2493 3360 2601 3396 non

320 3436 462 3487 idem
509 3436 700 3487 eodem
749 3440 994 3502 tempore
1043 3450 1110 3487 ea
1155 3433 1434 3499 gestabat.
1503 3434 1601 3485 sed
1645 3436 1796 3484 recte
1844 3432 2169 3497 copulantur
2202 3421 2391 3488 κιττός
2428 3434 2485 3479 et
2520 3426 2601 3478 λί-

317 3535 472 3579 κνος.
543 3522 619 3571 Ut
663 3518 946 3572 Plutarch.
969 3520 1104 3573 -vit.
1141 3518 1412 3570 Alexand.
1461 3534 1587 3585 cap.
1621 3517 1681 3567 7:
1728 3510 1765 3583 ἡ
1796 3506 2109 3582 Ὀλυμπιὰς
2130 3512 2362 3581 μᾶλλον
2399 3504 2605 3577 ἐτέρων

318 3597 608 3671 ζηλώσασα
643 3597 747 3666 τὰς
783 3596 1035 3672 κατοχάς
1057 3602 1156 3657 καὶ
1192 3598 1325 3662 τοὺς
1363 3593 1829 3670 ἐνθουσιασμοὺς
1866 3593 2147 3666 ἐξάγουσα
2183 3594 2602 3665 βαρβαρικώτε-

321 3706 439 3756 ρον,
478 3678 960 3758 ὄφειςψμεγάλους
996 3680 1326 3756 χειροήθεις
1353 3680 1650 3755 ἐφείλκετο
1684 3692 1807 3747 τοῖς
1844 3680 2095 3751 θιάσοις,
2133 3679 2191 3735 οἳ
2228 3680 2502 3743 πολλάκις
2541 3674 2603 3737 ἐκ

318 3772 422 3825 τοῦ
454 3772 652 3825 κιττοῦ
697 3772 797 3825 καὶ
843 3773 956 3825 τιόν
1008 3770 1293 3839 μυστικῶν
1337 3770 1549 3823 λίκνων
1583 3766 2093 3839 παραναδυόμενοι
2127 3766 2225 3821 καὶ
2260 3761 2603 3834 περιελιττό·

318 3872 482 3924 μενοι
516 3861 636 3918 τοῖς
671 3854 913 3924 θύρσοις
946 3856 1060 3909 ταῖν
1095 3855 1386 3924 γυναικῶν
1421 3852 1521 3907 καὶ
1568 3859 1687 3915 τοῖς
1723 3848 2057 3923 στεφάνοις,
2096 3846 2436 3923 ἐξέπληττον
2470 3847 2603 3912 τούς

319 3933 559 4005 ἄνδρας.
630 3942 718 3993 Cf.
754 3943 928 4010 Toup.
965 3942 1256 3995 Emendat.
1295 3942 1359 3991 T.
1395 3942 1450 3991 11
1483 3958 1536 4008 p.
1577 3940 1677 3992 203
1716 3941 1799 3993 ed.
1835 3942 1987 3993 Pers.
2034 3942 2081 3991 Ε
2119 3946 2308 3991 nostro
2344 3938 2467 3990 loco
2506 3954 2603 4004 ap·-

319 4031 496 4093 paret,
536 4028 673 4077 istos
710 4032 901 4079 coetus
937 4026 1180 4093 reliquos
1217 4025 1496 4077 foeniculo
1535 4030 1592 4077 et
1626 4024 1827 4093 populo
1864 4025 2147 4076 redimitos
2185 4026 2387 4085 fuisse,
2428 4022 2642 4073 solum.

318 4111 650 4162 Aeschinem
689 4116 952 4177 tanquam
1006 4112 1182 4177 ipsum
1217 4109 1496 4161 Bacchum
1533 4110 1742 4162 hedera
1779 4115 2115 4161 coronatum.
2214 4106 2295 4170 12)
2336 4098 2604 4173 λικνοφό-

321 4212 417 4261 ρος
453 4196 573 4247 Fel.
612 4197 751 4247 Mor.
801 4223 867 4231 —
919 4188 1262 4260 λικνοφόρος
1307 4196 1428 4248 Ald.
1478 4193 1546 4246 Σ.
1595 4195 1802 4246 Laurs.
1850 4192 1930 4248 Ω.
1978 4195 2147 4259 Augl.
2184 4194 2236 4242 4.
2281 4208 2323 4242 s.
2375 4188 2426 4257 β.
2466 4204 2509 4239 ε.
2548 4205 2603 4253 η.

319 4280 454 4331 Bav.
502 4280 701 4332 vindi.
748 4278 797 4330 3.
845 4280 894 4329 4.
933 4278 984 4330 5.
1038 4278 1192 4328 Pall.
1237 4282 1287 4329 2.
1336 4279 1470 4330 Urb.
1515 4280 1667 4332 Man.
1705 4280 1843 4345 Ang.
1882 4279 1981 4329 alii
2016 4278 2299 4329 Bekkerii.
2336 4276 2607 4340 Harpoer.

322 4364 500 4429 (Phot.
539 4363 718 4429 Suid.)
757 4380 801 4415 e.
839 4380 890 4415 v.
941 4390 1005 4401 -—
1043 4356 1397 4429 λυκνοφόρος
1430 4365 1607 4431 Aug2.

2066 4446 2199 4513 20*
