<?xml version="1.0" encoding="UTF-8"?>
<!DOCTYPE html PUBLIC "-//W3C//DTD XHTML 1.0 Transitional//EN"
    "http://www.w3.org/TR/xhtml1/DTD/xhtml1-transitional.dtd">
<html xmlns="http://www.w3.org/1999/xhtml" xml:lang="en" lang="en">
 <head>
  <title>
</title>
<meta http-equiv="Content-Type" content="text/html;charset=utf-8" />
  <meta name='ocr-system' content='tesseract 3.04.00' />
  <meta name='ocr-capabilities' content='ocr_page ocr_carea ocr_par ocr_line ocrx_word'/>
</head>
<body>
  <div class='ocr_page' id='page_1' title='image "./decoronaetdefal00voemgoog_0691.png"; bbox 0 0 3084 4938; ppageno 0'>
   <div class='ocr_carea' id='block_1_1' title="bbox 686 344 2501 420">
    <p class='ocr_par' dir='ltr' id='par_1_1' title="bbox 686 344 2501 420">
     <span class='ocr_line' id='line_1_1' title="bbox 686 344 2501 420; baseline 0.002 -18"><span class='ocrx_word' id='word_1_1' title='bbox 686 362 1135 420; x_wconf 68' lang='lat' dir='ltr'>nanosfrmxms</span> <span class='ocrx_word' id='word_1_2' title='bbox 1169 362 1267 405; x_wconf 73' lang='lat' dir='ltr'>on.</span> <span class='ocrx_word' id='word_1_3' title='bbox 1299 364 1382 403; x_wconf 78' lang='lat' dir='ltr'>m:</span> <span class='ocrx_word' id='word_1_4' title='bbox 1413 361 1617 403; x_wconf 73' lang='lat' dir='ltr'>FALSA</span> <span class='ocrx_word' id='word_1_5' title='bbox 1644 361 2029 403; x_wconf 60' lang='lat' dir='ltr'>mammona.</span> <span class='ocrx_word' id='word_1_6' title='bbox 2376 344 2501 407; x_wconf 81' lang='lat'>653</span> 
     </span>
    </p>
   </div>
   <div class='ocr_carea' id='block_1_2' title="bbox 236 503 2609 639">
    <p class='ocr_par' dir='ltr' id='par_1_2' title="bbox 236 503 2609 639">
     <span class='ocr_line' id='line_1_2' title="bbox 236 503 2609 639; baseline -0.003 -54"><span class='ocrx_word' id='word_1_7' title='bbox 236 518 598 605; x_wconf 75' lang='grc' dir='ltr'><strong><em>δημοτικοῦ</em></strong></span> <span class='ocrx_word' id='word_1_8' title='bbox 643 517 754 586; x_wconf 83' lang='grc' dir='ltr'>καὶ</span> <span class='ocrx_word' id='word_1_9' title='bbox 798 520 922 585; x_wconf 84' lang='grc' dir='ltr'>τοῦ</span> <span class='ocrx_word' id='word_1_10' title='bbox 936 510 984 549; x_wconf 87' lang='lat'>¹⁰</span> <span class='ocrx_word' id='word_1_11' title='bbox 1027 510 1156 585; x_wconf 77' lang='grc' dir='ltr'>ἆπό</span> <span class='ocrx_word' id='word_1_12' title='bbox 1207 510 1492 604; x_wconf 62' lang='grc' dir='ltr'><strong><em>Φυλῆςί</em></strong></span> <span class='ocrx_word' id='word_1_13' title='bbox 1530 511 2016 639; x_wconf 44' lang='grc' dir='ltr'><strong><em>καταγαγόντος</em></strong></span> <span class='ocrx_word' id='word_1_14' title='bbox 2062 509 2180 583; x_wconf 83' lang='grc' dir='ltr'><strong><em>τὸν</em></strong></span> <span class='ocrx_word' id='word_1_15' title='bbox 2218 503 2505 601; x_wconf 75' lang='grc' dir='ltr'>δῆμον,12</span> <span class='ocrx_word' id='word_1_16' title='bbox 2600 568 2609 577; x_wconf 92' lang='grc'><strong>.</strong></span> 
     </span>
    </p>
   </div>
   <div class='ocr_carea' id='block_1_3' title="bbox 228 606 2589 810">
    <p class='ocr_par' dir='ltr' id='par_1_3' title="bbox 228 606 2589 810">
     <span class='ocr_line' id='line_1_3' title="bbox 230 606 2589 707; baseline -0.002 -22"><span class='ocrx_word' id='word_1_17' title='bbox 230 614 522 687; x_wconf 78' lang='grc' dir='ltr'><strong><em>τάλαντα</em></strong></span> <span class='ocrx_word' id='word_1_18' title='bbox 559 613 702 687; x_wconf 77' lang='grc' dir='ltr'><strong><em>δέκ’</em></strong></span> <span class='ocrx_word' id='word_1_19' title='bbox 742 609 1201 706; x_wconf 65' lang='grc' dir='ltr'>οὗφλκηιιιεένιιιι,13</span> <span class='ocrx_word' id='word_1_20' title='bbox 1236 620 1348 689; x_wconf 80' lang='grc' dir='ltr'>καὶ</span> <span class='ocrx_word' id='word_1_21' title='bbox 1382 610 1551 688; x_wconf 72' lang='grc' dir='ltr'>τὸν14</span> <span class='ocrx_word' id='word_1_22' title='bbox 1587 645 1685 705; x_wconf 85' lang='grc' dir='ltr'>αφ</span> <span class='ocrx_word' id='word_1_23' title='bbox 1754 608 2149 707; x_wconf 67' lang='grc' dir='ltr'>Λρμοὸιόυ15</span> <span class='ocrx_word' id='word_1_24' title='bbox 2184 606 2348 684; x_wconf 72' lang='grc' dir='ltr'>καὶ,16</span> <span class='ocrx_word' id='word_1_25' title='bbox 2368 617 2504 683; x_wconf 71' lang='grc' dir='ltr'><strong><em>τῶν</em></strong></span> <span class='ocrx_word' id='word_1_26' title='bbox 2538 639 2589 681; x_wconf 79' lang='lat'>15</span> 
     </span>
     <span class='ocr_line' id='line_1_4' title="bbox 228 710 2503 810; baseline -0.001 -23"><span class='ocrx_word' id='word_1_27' title='bbox 228 716 310 787; x_wconf 75' lang='grc' dir='ltr'>τὰ</span> <span class='ocrx_word' id='word_1_28' title='bbox 353 714 610 807; x_wconf 78' lang='grc' dir='ltr'><strong><em>μέγιστ’</em></strong></span> <span class='ocrx_word' id='word_1_29' title='bbox 660 714 868 807; x_wconf 75' lang='grc' dir='ltr'><strong><em>ἀγάθ’</em></strong></span> <span class='ocrx_word' id='word_1_30' title='bbox 929 713 1100 809; x_wconf 76' lang='grc' dir='ltr'><strong><em>ὑμᾶς</em></strong></span> <span class='ocrx_word' id='word_1_31' title='bbox 1117 713 1163 753; x_wconf 86' lang='lat'>¹⁷</span> <span class='ocrx_word' id='word_1_32' title='bbox 1211 721 1702 810; x_wconf 76' lang='grc' dir='ltr'><strong><em>εἰργασμένων,</em></strong></span> <span class='ocrx_word' id='word_1_33' title='bbox 1720 710 1769 750; x_wconf 76' lang='lat'>¹⁸</span> <span class='ocrx_word' id='word_1_34' title='bbox 1808 712 1927 798; x_wconf 74' lang='grc' dir='ltr'>οὓς</span> <span class='ocrx_word' id='word_1_35' title='bbox 1970 714 2157 810; x_wconf 74' lang='grc' dir='ltr'><strong><em>νόμῳ</em></strong></span> <span class='ocrx_word' id='word_1_36' title='bbox 2222 712 2333 785; x_wconf 73' lang='grc' dir='ltr'>διὰ</span> <span class='ocrx_word' id='word_1_37' title='bbox 2386 712 2503 796; x_wconf 77' lang='grc' dir='ltr'>τὰς</span> 
     </span>
    </p>
   </div>
   <div class='ocr_carea' id='block_1_4' title="bbox 232 953 2505 1198">
    <p class='ocr_par' dir='ltr' id='par_1_4' title="bbox 232 953 2505 1198">
     <span class='ocr_line' id='line_1_5' title="bbox 240 953 2503 1031; baseline -0.001 -21"><span class='ocrx_word' id='word_1_38' title='bbox 240 970 270 1009; x_wconf 86' lang='lat' dir='ltr'>e</span> <span class='ocrx_word' id='word_1_39' title='bbox 291 954 458 1029; x_wconf 80' lang='lat' dir='ltr'><strong>Phyle</strong></span> <span class='ocrx_word' id='word_1_40' title='bbox 481 956 710 1018; x_wconf 81' lang='lat' dir='ltr'>reduxit,</span> <span class='ocrx_word' id='word_1_41' title='bbox 737 955 953 1013; x_wconf 78' lang='lat' dir='ltr'>talentis</span> <span class='ocrx_word' id='word_1_42' title='bbox 975 956 1157 1013; x_wconf 89' lang='lat' dir='ltr'>decem</span> <span class='ocrx_word' id='word_1_43' title='bbox 1183 957 1256 1013; x_wconf 83' lang='lat' dir='ltr'>sit</span> <span class='ocrx_word' id='word_1_44' title='bbox 1278 960 1520 1031; x_wconf 83' lang='lat' dir='ltr'>punitus,</span> <span class='ocrx_word' id='word_1_45' title='bbox 1547 964 1603 1011; x_wconf 83' lang='lat' dir='ltr'>ct</span> <span class='ocrx_word' id='word_1_46' title='bbox 1626 955 1841 1029; x_wconf 83' lang='lat' dir='ltr'>quidam</span> <span class='ocrx_word' id='word_1_47' title='bbox 1868 971 1931 1010; x_wconf 88' lang='lat' dir='ltr'>ex</span> <span class='ocrx_word' id='word_1_48' title='bbox 1950 953 2223 1011; x_wconf 78' lang='lat' dir='ltr'>Harmodii</span> <span class='ocrx_word' id='word_1_49' title='bbox 2247 956 2503 1027; x_wconf 80' lang='lat' dir='ltr'><strong>posteris,</strong></span> 
     </span>
     <span class='ocr_line' id='line_1_6' title="bbox 234 1037 2505 1113; baseline 0 -20"><span class='ocrx_word' id='word_1_50' title='bbox 234 1056 426 1113; x_wconf 81' lang='lat' dir='ltr'><strong>nempe</strong></span> <span class='ocrx_word' id='word_1_51' title='bbox 457 1057 646 1097; x_wconf 86' lang='lat' dir='ltr'>eorum</span> <span class='ocrx_word' id='word_1_52' title='bbox 679 1042 772 1113; x_wconf 87' lang='lat' dir='ltr'>qui</span> <span class='ocrx_word' id='word_1_53' title='bbox 803 1044 1026 1097; x_wconf 79' lang='lat' dir='ltr'>maxima</span> <span class='ocrx_word' id='word_1_54' title='bbox 1057 1042 1112 1097; x_wconf 89' lang='lat' dir='ltr'>in</span> <span class='ocrx_word' id='word_1_55' title='bbox 1143 1058 1240 1096; x_wconf 84' lang='lat' dir='ltr'>vos</span> <span class='ocrx_word' id='word_1_56' title='bbox 1269 1040 1527 1097; x_wconf 77' lang='lat' dir='ltr'>beneficia</span> <span class='ocrx_word' id='word_1_57' title='bbox 1559 1040 1937 1101; x_wconf 85' lang='lat' dir='ltr'>contulerunt,</span> <span class='ocrx_word' id='word_1_58' title='bbox 1980 1056 2119 1113; x_wconf 87' lang='lat' dir='ltr'>quos</span> <span class='ocrx_word' id='word_1_59' title='bbox 2160 1038 2281 1111; x_wconf 82' lang='lat' dir='ltr'>lege</span> <span class='ocrx_word' id='word_1_60' title='bbox 2311 1037 2381 1093; x_wconf 88' lang='lat' dir='ltr'>ob</span> <span class='ocrx_word' id='word_1_61' title='bbox 2412 1037 2505 1094; x_wconf 85' lang='lat' dir='ltr'>be·</span> 
     </span>
     <span class='ocr_line' id='line_1_7' title="bbox 232 1122 2505 1198; baseline 0 -21"><span class='ocrx_word' id='word_1_62' title='bbox 232 1124 568 1181; x_wconf 80' lang='lat' dir='ltr'>neficentiam</span> <span class='ocrx_word' id='word_1_63' title='bbox 601 1141 730 1198; x_wconf 77' lang='lat' dir='ltr'>erga</span> <span class='ocrx_word' id='word_1_64' title='bbox 774 1144 868 1181; x_wconf 88' lang='lat' dir='ltr'>vos</span> <span class='ocrx_word' id='word_1_65' title='bbox 911 1128 965 1181; x_wconf 89' lang='lat' dir='ltr'>in</span> <span class='ocrx_word' id='word_1_66' title='bbox 997 1126 1248 1183; x_wconf 87' lang='lat' dir='ltr'>omnibus</span> <span class='ocrx_word' id='word_1_67' title='bbox 1281 1125 1421 1183; x_wconf 75' lang='lat' dir='ltr'>fanis</span> <span class='ocrx_word' id='word_1_68' title='bbox 1461 1128 1518 1182; x_wconf 89' lang='lat' dir='ltr'>in</span> <span class='ocrx_word' id='word_1_69' title='bbox 1550 1124 1829 1181; x_wconf 83' lang='lat' dir='ltr'>sacrificiis</span> <span class='ocrx_word' id='word_1_70' title='bbox 1862 1125 2069 1181; x_wconf 75' lang='lat' dir='ltr'>fecistis</span> <span class='ocrx_word' id='word_1_71' title='bbox 2100 1122 2417 1179; x_wconf 80' lang='lat' dir='ltr'><strong>libationum</strong></span> <span class='ocrx_word' id='word_1_72' title='bbox 2450 1130 2505 1179; x_wconf 85' lang='lat' dir='ltr'>et</span> 
     </span>
    </p>
   </div>
   <div class='ocr_carea' id='block_1_5' title="bbox 248 1306 636 1318">
    <p class='ocr_par' dir='ltr' id='par_1_5' title="bbox 248 1306 636 1318">
     <span class='ocr_line' id='line_1_8' title="bbox 248 1306 636 1318; baseline 0 0"><span class='ocrx_word' id='word_1_73' title='bbox 248 1306 636 1318; x_wconf 95' lang='lat' dir='ltr'> </span> 
     </span>
    </p>
   </div>
   <div class='ocr_carea' id='block_1_6' title="bbox 232 1410 2508 2079">
    <p class='ocr_par' dir='ltr' id='par_1_6' title="bbox 232 1410 2508 2079">
     <span class='ocr_line' id='line_1_9' title="bbox 235 1410 2506 1490; baseline -0.001 -15"><span class='ocrx_word' id='word_1_74' title='bbox 235 1417 448 1489; x_wconf 73' lang='grc' dir='ltr'><strong><em>βούλου</em></strong></span> <span class='ocrx_word' id='word_1_75' title='bbox 487 1410 663 1489; x_wconf 84' lang='lat' dir='ltr'>(illius</span> <span class='ocrx_word' id='word_1_76' title='bbox 699 1426 932 1476; x_wconf 85' lang='lat' dir='ltr'>senioris</span> <span class='ocrx_word' id='word_1_77' title='bbox 970 1430 1135 1490; x_wconf 85' lang='lat' dir='ltr'>atque</span> <span class='ocrx_word' id='word_1_78' title='bbox 1173 1425 1462 1475; x_wconf 81' lang='lat' dir='ltr'>nobilioris</span> <span class='ocrx_word' id='word_1_79' title='bbox 1485 1424 1819 1489; x_wconf 74' lang='lat' dir='ltr'>Thrasybuli</span> <span class='ocrx_word' id='word_1_80' title='bbox 1852 1423 2063 1487; x_wconf 86' lang='lat' dir='ltr'>filium).</span> <span class='ocrx_word' id='word_1_81' title='bbox 2124 1439 2249 1473; x_wconf 85' lang='lat' dir='ltr'>nam</span> <span class='ocrx_word' id='word_1_82' title='bbox 2286 1413 2506 1483; x_wconf 70' lang='grc' dir='ltr'><strong><em>ἐκεῖνος</em></strong></span> 
     </span>
     <span class='ocr_line' id='line_1_10' title="bbox 233 1499 2502 1573; baseline 0 -16"><span class='ocrx_word' id='word_1_83' title='bbox 233 1510 406 1559; x_wconf 81' lang='lat' dir='ltr'>fermc</span> <span class='ocrx_word' id='word_1_84' title='bbox 443 1507 548 1558; x_wconf 89' lang='lat' dir='ltr'>soli</span> <span class='ocrx_word' id='word_1_85' title='bbox 585 1508 942 1560; x_wconf 89' lang='lat' dir='ltr'>celebratiori</span> <span class='ocrx_word' id='word_1_86' title='bbox 980 1512 1273 1559; x_wconf 85' lang='lat' dir='ltr'>convenit.’</span> <span class='ocrx_word' id='word_1_87' title='bbox 1333 1509 1684 1559; x_wconf 82' lang='lat' dir='ltr'>Reiskius.</span> <span class='ocrx_word' id='word_1_88' title='bbox 1755 1510 1840 1558; x_wconf 87' lang='lat' dir='ltr'>De</span> <span class='ocrx_word' id='word_1_89' title='bbox 1876 1523 1978 1556; x_wconf 81' lang='lat' dir='ltr'>usu</span> <span class='ocrx_word' id='word_1_90' title='bbox 2002 1508 2333 1573; x_wconf 81' lang='lat' dir='ltr'>pronominis</span> <span class='ocrx_word' id='word_1_91' title='bbox 2359 1499 2502 1557; x_wconf 71' lang='grc' dir='ltr'><strong><em>ἐκεί·-</em></strong></span> 
     </span>
     <span class='ocr_line' id='line_1_11' title="bbox 234 1583 2503 1659; baseline -0 -17"><span class='ocrx_word' id='word_1_92' title='bbox 234 1608 339 1648; x_wconf 85' lang='grc' dir='ltr'><strong><em>νου</em></strong></span> <span class='ocrx_word' id='word_1_93' title='bbox 379 1593 585 1642; x_wconf 86' lang='lat' dir='ltr'>erravit</span> <span class='ocrx_word' id='word_1_94' title='bbox 621 1593 902 1644; x_wconf 53' lang='lat' dir='ltr'>Reisk‘ius.</span> <span class='ocrx_word' id='word_1_95' title='bbox 961 1594 1085 1643; x_wconf 89' lang='lat' dir='ltr'>Vid.</span> <span class='ocrx_word' id='word_1_96' title='bbox 1125 1594 1430 1643; x_wconf 82' lang='lat' dir='ltr'>Dobraeus.</span> <span class='ocrx_word' id='word_1_97' title='bbox 1468 1620 1536 1627; x_wconf 94' lang='lat'>—</span> <span class='ocrx_word' id='word_1_98' title='bbox 1584 1584 1991 1659; x_wconf 72' lang='grc' dir='ltr'><strong><em>Θρασύβουλον</em></strong></span> <span class='ocrx_word' id='word_1_99' title='bbox 2026 1583 2249 1642; x_wconf 75' lang='grc' dir='ltr'><strong><em>ἐκεῖνον</em></strong></span> <span class='ocrx_word' id='word_1_100' title='bbox 2282 1584 2503 1642; x_wconf 64' lang='lat' dir='ltr'>tow-om</span> 
     </span>
     <span class='ocr_line' id='line_1_12' title="bbox 236 1674 2508 1749; baseline -0 -24"><span class='ocrx_word' id='word_1_101' title='bbox 236 1674 306 1739; x_wconf 89' lang='grc' dir='ltr'>Σ,</span> <span class='ocrx_word' id='word_1_102' title='bbox 343 1676 514 1726; x_wconf 84' lang='lat' dir='ltr'>verba</span> <span class='ocrx_word' id='word_1_103' title='bbox 545 1676 600 1727; x_wconf 85' lang='lat' dir='ltr'>h.</span> <span class='ocrx_word' id='word_1_104' title='bbox 639 1676 676 1725; x_wconf 90' lang='grc'>1.</span> <span class='ocrx_word' id='word_1_105' title='bbox 711 1677 1005 1727; x_wconf 85' lang='lat' dir='ltr'>inserenda</span> <span class='ocrx_word' id='word_1_106' title='bbox 1044 1678 1194 1727; x_wconf 85' lang='lat' dir='ltr'>iubet</span> <span class='ocrx_word' id='word_1_107' title='bbox 1241 1694 1428 1743; x_wconf 87' lang='lat' dir='ltr'>margo</span> <span class='ocrx_word' id='word_1_108' title='bbox 1467 1678 1640 1741; x_wconf 82' lang='lat' dir='ltr'>antiq.</span> <span class='ocrx_word' id='word_1_109' title='bbox 1690 1694 1775 1727; x_wconf 90' lang='lat' dir='ltr'>om</span> <span class='ocrx_word' id='word_1_110' title='bbox 1814 1677 1979 1725; x_wconf 81' lang='lat' dir='ltr'>etiam</span> <span class='ocrx_word' id='word_1_111' title='bbox 2006 1674 2085 1749; x_wconf 67' lang='lat' dir='ltr'>T.</span> <span class='ocrx_word' id='word_1_112' title='bbox 2131 1676 2290 1725; x_wconf 88' lang='lat' dir='ltr'>Lind.</span> <span class='ocrx_word' id='word_1_113' title='bbox 2350 1676 2508 1725; x_wconf 80' lang='lat' dir='ltr'>Susti-</span> 
     </span>
     <span class='ocr_line' id='line_1_13' title="bbox 236 1752 2506 1827; baseline 0 -18"><span class='ocrx_word' id='word_1_114' title='bbox 236 1756 436 1809; x_wconf 69' lang='lat' dir='ltr'>cerent&#39;</span> <span class='ocrx_word' id='word_1_115' title='bbox 469 1755 588 1809; x_wconf 82' lang='lat' dir='ltr'>sola</span> <span class='ocrx_word' id='word_1_116' title='bbox 626 1752 1036 1825; x_wconf 76' lang='grc' dir='ltr'><strong><em>Θρασυβούλου</em></strong></span> <span class='ocrx_word' id='word_1_117' title='bbox 1080 1760 1203 1823; x_wconf 52' lang='grc' dir='ltr'><strong><em>τοῦ,</em></strong></span> <span class='ocrx_word' id='word_1_118' title='bbox 1228 1754 1541 1827; x_wconf 70' lang='grc' dir='ltr'><strong><em>δημοτικοῦ</em></strong></span> <span class='ocrx_word' id='word_1_119' title='bbox 1577 1754 1735 1823; x_wconf 80' lang='grc' dir='ltr'><strong><em>υἱὸν,</em></strong></span> <span class='ocrx_word' id='word_1_120' title='bbox 1783 1761 1923 1826; x_wconf 85' lang='lat' dir='ltr'>quod</span> <span class='ocrx_word' id='word_1_121' title='bbox 1968 1759 2295 1810; x_wconf 80' lang='lat' dir='ltr'>vocabulum</span> <span class='ocrx_word' id='word_1_122' title='bbox 2342 1758 2506 1825; x_wconf 82' lang='lat' dir='ltr'>vulgo</span> 
     </span>
     <span class='ocr_line' id='line_1_14' title="bbox 233 1841 2505 1911; baseline 0.001 -19"><span class='ocrx_word' id='word_1_123' title='bbox 233 1844 525 1907; x_wconf 83' lang='lat' dir='ltr'>retinetur,</span> <span class='ocrx_word' id='word_1_124' title='bbox 563 1845 662 1894; x_wconf 79' lang='lat' dir='ltr'>sed</span> <span class='ocrx_word' id='word_1_125' title='bbox 698 1846 756 1894; x_wconf 93' lang='lat' dir='ltr'>id</span> <span class='ocrx_word' id='word_1_126' title='bbox 792 1862 877 1895; x_wconf 88' lang='lat' dir='ltr'>om</span> <span class='ocrx_word' id='word_1_127' title='bbox 915 1844 981 1898; x_wconf 88' lang='grc' dir='ltr'>Σ.</span> <span class='ocrx_word' id='word_1_128' title='bbox 1027 1844 1089 1895; x_wconf 77' lang='grc' dir='ltr'>Τ.</span> <span class='ocrx_word' id='word_1_129' title='bbox 1127 1846 1300 1911; x_wconf 84' lang='lat' dir='ltr'>Augl.</span> <span class='ocrx_word' id='word_1_130' title='bbox 1337 1848 1384 1895; x_wconf 86' lang='lat'>2.</span> <span class='ocrx_word' id='word_1_131' title='bbox 1423 1846 1473 1894; x_wconf 79' lang='lat' dir='ltr'>lc.</span> <span class='ocrx_word' id='word_1_132' title='bbox 1509 1862 1556 1896; x_wconf 76' lang='lat' dir='ltr'>a.</span> <span class='ocrx_word' id='word_1_133' title='bbox 1592 1846 1765 1895; x_wconf 85' lang='lat' dir='ltr'>Aldv.</span> <span class='ocrx_word' id='word_1_134' title='bbox 1801 1846 2023 1910; x_wconf 86' lang='lat' dir='ltr'>punctis</span> <span class='ocrx_word' id='word_1_135' title='bbox 2054 1848 2213 1893; x_wconf 83' lang='lat' dir='ltr'>notat</span> <span class='ocrx_word' id='word_1_136' title='bbox 2248 1841 2321 1893; x_wconf 88' lang='lat' dir='ltr'>H.</span> <span class='ocrx_word' id='word_1_137' title='bbox 2381 1844 2505 1894; x_wconf 89' lang='lat' dir='ltr'>Vid.</span> 
     </span>
     <span class='ocr_line' id='line_1_15' title="bbox 232 1922 2505 1994; baseline 0.001 -17"><span class='ocrx_word' id='word_1_138' title='bbox 232 1934 418 1978; x_wconf 89' lang='lat' dir='ltr'>notam</span> <span class='ocrx_word' id='word_1_139' title='bbox 463 1928 784 1993; x_wconf 83' lang='lat' dir='ltr'>proximam.</span> <span class='ocrx_word' id='word_1_140' title='bbox 853 1930 1040 1979; x_wconf 89' lang='lat' dir='ltr'>Etiam</span> <span class='ocrx_word' id='word_1_141' title='bbox 1083 1922 1374 1980; x_wconf 77' lang='lat' dir='ltr'>Dobraeus</span> <span class='ocrx_word' id='word_1_142' title='bbox 1421 1929 1474 1980; x_wconf 91' lang='lat' dir='ltr'>h.</span> <span class='ocrx_word' id='word_1_143' title='bbox 1512 1930 1549 1979; x_wconf 90' lang='lat' dir='ltr'>l.</span> <span class='ocrx_word' id='word_1_144' title='bbox 1597 1931 1735 1980; x_wconf 86' lang='lat' dir='ltr'>duas</span> <span class='ocrx_word' id='word_1_145' title='bbox 1776 1929 2047 1979; x_wconf 87' lang='lat' dir='ltr'>lectiones</span> <span class='ocrx_word' id='word_1_146' title='bbox 2093 1929 2259 1994; x_wconf 81' lang='lat' dir='ltr'>vulgo</span> <span class='ocrx_word' id='word_1_147' title='bbox 2304 1929 2505 1979; x_wconf 80' lang='lat' dir='ltr'>mixtas</span> 
     </span>
     <span class='ocr_line' id='line_1_16' title="bbox 238 2006 2503 2079; baseline 0.001 -17"><span class='ocrx_word' id='word_1_148' title='bbox 238 2028 358 2063; x_wconf 81' lang='lat' dir='ltr'>esse</span> <span class='ocrx_word' id='word_1_149' title='bbox 397 2013 630 2063; x_wconf 80' lang='lat' dir='ltr'>censuit.</span> <span class='ocrx_word' id='word_1_150' title='bbox 703 2014 892 2063; x_wconf 87' lang='lat' dir='ltr'>Etiam</span> <span class='ocrx_word' id='word_1_151' title='bbox 925 2014 1142 2063; x_wconf 86' lang='lat' dir='ltr'>Laan:</span> <span class='ocrx_word' id='word_1_152' title='bbox 1183 2006 1408 2065; x_wconf 73' lang='grc' dir='ltr'><strong><em>ἐκεῖνον</em></strong></span> <span class='ocrx_word' id='word_1_153' title='bbox 1442 2006 1544 2064; x_wconf 81' lang='grc' dir='ltr'><strong><em>τὸν</em></strong></span> <span class='ocrx_word' id='word_1_154' title='bbox 1587 2008 1994 2079; x_wconf 77' lang='grc' dir='ltr'><strong><em>Θρασύβουλον</em></strong></span> <span class='ocrx_word' id='word_1_155' title='bbox 2033 2010 2134 2063; x_wconf 84' lang='grc' dir='ltr'>τοῦ</span> <span class='ocrx_word' id='word_1_156' title='bbox 2178 2011 2315 2079; x_wconf 82' lang='grc' dir='ltr'><strong><em>δημ.</em></strong></span> <span class='ocrx_word' id='word_1_157' title='bbox 2355 2007 2503 2067; x_wconf 79' lang='grc' dir='ltr'><strong><em>υἴόν.</em></strong></span> 
     </span>
    </p>
   </div>
   <div class='ocr_carea' id='block_1_7' title="bbox 123 2089 2503 2163">
    <p class='ocr_par' dir='ltr' id='par_1_7' title="bbox 123 2089 2503 2163">
     <span class='ocr_line' id='line_1_17' title="bbox 123 2089 2503 2163; baseline 0.001 -17"><span class='ocrx_word' id='word_1_158' title='bbox 123 2142 130 2146; x_wconf 88' lang='grc'><strong>.</strong></span> <span class='ocrx_word' id='word_1_159' title='bbox 235 2092 318 2161; x_wconf 83' lang='lat'>10)</span> <span class='ocrx_word' id='word_1_160' title='bbox 365 2094 465 2149; x_wconf 78' lang='grc' dir='ltr'>καὶ</span> <span class='ocrx_word' id='word_1_161' title='bbox 501 2089 602 2147; x_wconf 84' lang='grc' dir='ltr'><strong><em>τὸν</em></strong></span> <span class='ocrx_word' id='word_1_162' title='bbox 637 2097 761 2147; x_wconf 87' lang='lat' dir='ltr'>Ald.</span> <span class='ocrx_word' id='word_1_163' title='bbox 797 2096 918 2147; x_wconf 84' lang='lat' dir='ltr'>Fel.</span> <span class='ocrx_word' id='word_1_164' title='bbox 955 2095 1114 2147; x_wconf 86' lang='lat' dir='ltr'>Harl.</span> <span class='ocrx_word' id='word_1_165' title='bbox 1167 2125 1232 2133; x_wconf 91' lang='lat'><strong>—</strong></span> <span class='ocrx_word' id='word_1_166' title='bbox 1283 2095 1380 2148; x_wconf 78' lang='grc' dir='ltr'>καὶ</span> <span class='ocrx_word' id='word_1_167' title='bbox 1419 2096 1524 2149; x_wconf 75' lang='grc' dir='ltr'>τοῦ</span> <span class='ocrx_word' id='word_1_168' title='bbox 1559 2097 1629 2149; x_wconf 89' lang='grc' dir='ltr'>Σ.</span> <span class='ocrx_word' id='word_1_169' title='bbox 1666 2097 1874 2149; x_wconf 78' lang='lat' dir='ltr'>Laur8.</span> <span class='ocrx_word' id='word_1_170' title='bbox 1910 2098 2059 2163; x_wconf 85' lang='lat' dir='ltr'>vulg.</span> <span class='ocrx_word' id='word_1_171' title='bbox 2116 2125 2180 2133; x_wconf 95' lang='lat'><strong>—</strong></span> <span class='ocrx_word' id='word_1_172' title='bbox 2235 2096 2339 2148; x_wconf 78' lang='grc' dir='ltr'>τοῦ</span> <span class='ocrx_word' id='word_1_173' title='bbox 2382 2098 2503 2149; x_wconf 86' lang='lat' dir='ltr'>sine</span> 
     </span>
    </p>
   </div>
   <div class='ocr_carea' id='block_1_8' title="bbox 223 2173 2593 4440">
    <p class='ocr_par' dir='ltr' id='par_1_8' title="bbox 223 2173 2593 4440">
     <span class='ocr_line' id='line_1_18' title="bbox 229 2173 2507 2249; baseline 0 -18"><span class='ocrx_word' id='word_1_174' title='bbox 229 2177 328 2231; x_wconf 80' lang='grc' dir='ltr'>καὶ</span> <span class='ocrx_word' id='word_1_175' title='bbox 368 2181 703 2231; x_wconf 89' lang='lat' dir='ltr'>Dindorfius.</span> <span class='ocrx_word' id='word_1_176' title='bbox 779 2182 1042 2232; x_wconf 78' lang='lat' dir='ltr'>Fortasse</span> <span class='ocrx_word' id='word_1_177' title='bbox 1088 2198 1246 2246; x_wconf 81' lang='lat' dir='ltr'>vere,</span> <span class='ocrx_word' id='word_1_178' title='bbox 1305 2184 1352 2232; x_wconf 86' lang='lat' dir='ltr'>si</span> <span class='ocrx_word' id='word_1_179' title='bbox 1399 2184 1617 2247; x_wconf 86' lang='lat' dir='ltr'>quidem</span> <span class='ocrx_word' id='word_1_180' title='bbox 1662 2183 2039 2249; x_wconf 86' lang='lat' dir='ltr'>compendium</span> <span class='ocrx_word' id='word_1_181' title='bbox 2084 2173 2217 2233; x_wconf 73' lang='grc' dir='ltr'><strong><em>υΐόν</em></strong></span> <span class='ocrx_word' id='word_1_182' title='bbox 2260 2184 2507 2248; x_wconf 88' lang='lat' dir='ltr'>particu-</span> 
     </span>
     <span class='ocr_line' id='line_1_19' title="bbox 231 2264 2504 2333; baseline 0.001 -19"><span class='ocrx_word' id='word_1_183' title='bbox 231 2265 322 2316; x_wconf 84' lang='lat' dir='ltr'>lae</span> <span class='ocrx_word' id='word_1_184' title='bbox 361 2266 617 2317; x_wconf 80' lang='lat' dir='ltr'>cedebat.</span> <span class='ocrx_word' id='word_1_185' title='bbox 691 2264 921 2316; x_wconf 87' lang='lat' dir='ltr'>‘Delevi</span> <span class='ocrx_word' id='word_1_186' title='bbox 955 2274 1258 2331; x_wconf 81' lang='lat' dir='ltr'>praeeunte</span> <span class='ocrx_word' id='word_1_187' title='bbox 1295 2268 1555 2318; x_wconf 89' lang='lat' dir='ltr'>Dobraeo</span> <span class='ocrx_word' id='word_1_188' title='bbox 1601 2264 1699 2318; x_wconf 82' lang='grc' dir='ltr'>καὶ</span> <span class='ocrx_word' id='word_1_189' title='bbox 1744 2273 1869 2333; x_wconf 84' lang='lat' dir='ltr'>post</span> <span class='ocrx_word' id='word_1_190' title='bbox 1904 2264 2221 2331; x_wconf 75' lang='grc' dir='ltr'><strong><em>δημοτικοῦ</em></strong></span> <span class='ocrx_word' id='word_1_191' title='bbox 2252 2266 2311 2315; x_wconf 89' lang='lat' dir='ltr'>in</span> <span class='ocrx_word' id='word_1_192' title='bbox 2344 2265 2504 2316; x_wconf 82' lang='lat' dir='ltr'>libris</span> 
     </span>
     <span class='ocr_line' id='line_1_20' title="bbox 230 2349 2503 2417; baseline 0.001 -20"><span class='ocrx_word' id='word_1_193' title='bbox 230 2349 449 2411; x_wconf 84' lang='lat' dir='ltr'>lectum,</span> <span class='ocrx_word' id='word_1_194' title='bbox 488 2352 598 2399; x_wconf 80' lang='lat' dir='ltr'>non</span> <span class='ocrx_word' id='word_1_195' title='bbox 635 2350 776 2415; x_wconf 86' lang='lat' dir='ltr'>quod</span> <span class='ocrx_word' id='word_1_196' title='bbox 813 2350 1062 2415; x_wconf 81' lang='lat' dir='ltr'>ignorem</span> <span class='ocrx_word' id='word_1_197' title='bbox 1099 2366 1240 2415; x_wconf 85' lang='lat' dir='ltr'>quae</span> <span class='ocrx_word' id='word_1_198' title='bbox 1276 2352 1334 2400; x_wconf 85' lang='lat' dir='ltr'>in</span> <span class='ocrx_word' id='word_1_199' title='bbox 1373 2367 1498 2400; x_wconf 88' lang='lat' dir='ltr'>ann.</span> <span class='ocrx_word' id='word_1_200' title='bbox 1538 2352 1611 2401; x_wconf 82' lang='lat' dir='ltr'>ad</span> <span class='ocrx_word' id='word_1_201' title='bbox 1645 2368 1698 2417; x_wconf 93' lang='lat' dir='ltr'>p.</span> <span class='ocrx_word' id='word_1_202' title='bbox 1724 2351 1841 2411; x_wconf 79' lang='lat'>664,</span> <span class='ocrx_word' id='word_1_203' title='bbox 1868 2352 1901 2399; x_wconf 82' lang='lat'>4</span> <span class='ocrx_word' id='word_1_204' title='bbox 1938 2352 2188 2415; x_wconf 83' lang='lat' dir='ltr'>exposita</span> <span class='ocrx_word' id='word_1_205' title='bbox 2224 2354 2366 2413; x_wconf 87' lang='lat' dir='ltr'>sunt,</span> <span class='ocrx_word' id='word_1_206' title='bbox 2406 2351 2503 2400; x_wconf 84' lang='lat' dir='ltr'>sed</span> 
     </span>
     <span class='ocr_line' id='line_1_21' title="bbox 230 2428 2500 2500; baseline 0 -15"><span class='ocrx_word' id='word_1_207' title='bbox 230 2435 372 2499; x_wconf 91' lang='lat' dir='ltr'>quod</span> <span class='ocrx_word' id='word_1_208' title='bbox 407 2433 739 2500; x_wconf 80' lang='lat' dir='ltr'>particulam</span> <span class='ocrx_word' id='word_1_209' title='bbox 777 2435 956 2484; x_wconf 78' lang='lat' dir='ltr'>minus</span> <span class='ocrx_word' id='word_1_210' title='bbox 1003 2438 1190 2500; x_wconf 80' lang='lat' dir='ltr'>aptam</span> <span class='ocrx_word' id='word_1_211' title='bbox 1233 2435 1539 2486; x_wconf 86' lang='lat' dir='ltr'>iudicarem</span> <span class='ocrx_word' id='word_1_212' title='bbox 1585 2428 1716 2485; x_wconf 87' lang='lat' dir='ltr'>huic</span> <span class='ocrx_word' id='word_1_213' title='bbox 1760 2435 1883 2486; x_wconf 88' lang='lat' dir='ltr'>loco</span> <span class='ocrx_word' id='word_1_214' title='bbox 1930 2435 2025 2484; x_wconf 90' lang='lat' dir='ltr'>ubi</span> <span class='ocrx_word' id='word_1_215' title='bbox 2058 2434 2231 2484; x_wconf 83' lang='lat' dir='ltr'>verba</span> <span class='ocrx_word' id='word_1_216' title='bbox 2265 2432 2369 2485; x_wconf 81' lang='grc' dir='ltr'>τοῦ</span> <span class='ocrx_word' id='word_1_217' title='bbox 2403 2471 2417 2484; x_wconf 92' lang='grc'><strong>.</strong></span> <span class='ocrx_word' id='word_1_218' title='bbox 2448 2468 2461 2484; x_wconf 88' lang='grc'><strong>.</strong></span> <span class='ocrx_word' id='word_1_219' title='bbox 2488 2472 2500 2485; x_wconf 94' lang='grc'><strong>.</strong></span> 
     </span>
     <span class='ocr_line' id='line_1_22' title="bbox 228 2512 2504 2586; baseline -0 -18"><span class='ocrx_word' id='word_1_220' title='bbox 228 2512 329 2569; x_wconf 87' lang='grc' dir='ltr'><strong><em>τὸν</em></strong></span> <span class='ocrx_word' id='word_1_221' title='bbox 367 2517 554 2586; x_wconf 79' lang='grc' dir='ltr'><strong><em>δῆμον</em></strong></span> <span class='ocrx_word' id='word_1_222' title='bbox 577 2520 844 2570; x_wconf 84' lang='lat' dir='ltr'>rationem</span> <span class='ocrx_word' id='word_1_223' title='bbox 870 2519 1102 2569; x_wconf 85' lang='lat' dir='ltr'>reddunt</span> <span class='ocrx_word' id='word_1_224' title='bbox 1127 2521 1512 2585; x_wconf 84' lang='lat' dir='ltr'>praecedentis</span> <span class='ocrx_word' id='word_1_225' title='bbox 1539 2520 1772 2585; x_wconf 79' lang='lat' dir='ltr'>epitheti</span> <span class='ocrx_word' id='word_1_226' title='bbox 1806 2517 1911 2570; x_wconf 78' lang='grc' dir='ltr'>τοῦ</span> <span class='ocrx_word' id='word_1_227' title='bbox 1936 2516 2264 2584; x_wconf 77' lang='grc' dir='ltr'><strong><em>δημοτικοῦ.</em></strong></span> <span class='ocrx_word' id='word_1_228' title='bbox 2326 2519 2504 2584; x_wconf 83' lang='lat' dir='ltr'>Saepe</span> 
     </span>
     <span class='ocr_line' id='line_1_23' title="bbox 231 2600 2501 2670; baseline -0 -17"><span class='ocrx_word' id='word_1_229' title='bbox 231 2609 414 2654; x_wconf 84' lang='lat' dir='ltr'>autem</span> <span class='ocrx_word' id='word_1_230' title='bbox 451 2605 533 2653; x_wconf 85' lang='lat' dir='ltr'>sic</span> <span class='ocrx_word' id='word_1_231' title='bbox 571 2619 604 2652; x_wconf 89' lang='lat' dir='ltr'>a</span> <span class='ocrx_word' id='word_1_232' title='bbox 640 2604 886 2653; x_wconf 81' lang='lat' dir='ltr'>librariis</span> <span class='ocrx_word' id='word_1_233' title='bbox 911 2609 1202 2669; x_wconf 86' lang='lat' dir='ltr'>peccatum</span> <span class='ocrx_word' id='word_1_234' title='bbox 1231 2609 1318 2655; x_wconf 84' lang='lat' dir='ltr'>est</span> <span class='ocrx_word' id='word_1_235' title='bbox 1341 2605 1532 2655; x_wconf 64' lang='lat' dir='ltr'>addita</span> <span class='ocrx_word' id='word_1_236' title='bbox 1556 2600 1657 2655; x_wconf 74' lang='grc' dir='ltr'><strong><em>καὶ</em></strong></span> <span class='ocrx_word' id='word_1_237' title='bbox 1682 2601 1973 2670; x_wconf 67' lang='lat' dir='ltr'>particula,</span> <span class='ocrx_word' id='word_1_238' title='bbox 2012 2601 2165 2654; x_wconf 81' lang='lat' dir='ltr'>velut</span> <span class='ocrx_word' id='word_1_239' title='bbox 2188 2619 2239 2667; x_wconf 88' lang='lat' dir='ltr'>p.</span> <span class='ocrx_word' id='word_1_240' title='bbox 2264 2600 2384 2666; x_wconf 75' lang='lat'>940,</span> <span class='ocrx_word' id='word_1_241' title='bbox 2410 2601 2501 2652; x_wconf 83' lang='lat'>20:</span> 
     </span>
     <span class='ocr_line' id='line_1_24' title="bbox 227 2677 2502 2755; baseline 0 -19"><span class='ocrx_word' id='word_1_242' title='bbox 227 2678 482 2752; x_wconf 70' lang='grc' dir='ltr'><strong><em>ἀδελφὸς</em></strong></span> <span class='ocrx_word' id='word_1_243' title='bbox 516 2683 617 2738; x_wconf 78' lang='grc' dir='ltr'>καὶ</span> <span class='ocrx_word' id='word_1_244' title='bbox 650 2680 1004 2754; x_wconf 76' lang='grc' dir='ltr'><strong><em>κληρονόμος</em></strong></span> <span class='ocrx_word' id='word_1_245' title='bbox 1041 2679 1170 2748; x_wconf 81' lang='grc' dir='ltr'>ἓνός</span> <span class='ocrx_word' id='word_1_246' title='bbox 1204 2688 1317 2739; x_wconf 77' lang='grc' dir='ltr'><strong><em>τῶν</em></strong></span> <span class='ocrx_word' id='word_1_247' title='bbox 1343 2680 1610 2755; x_wconf 76' lang='grc' dir='ltr'><strong><em>ἐμπόρων</em></strong></span> <span class='ocrx_word' id='word_1_248' title='bbox 1633 2686 1734 2740; x_wconf 79' lang='grc' dir='ltr'>τοῦ</span> <span class='ocrx_word' id='word_1_249' title='bbox 1758 2680 2035 2753; x_wconf 73' lang='grc' dir='ltr'><strong><em>λαβόντος</em></strong></span> <span class='ocrx_word' id='word_1_250' title='bbox 2069 2679 2211 2751; x_wconf 84' lang='grc' dir='ltr'><strong><em>παρ’</em></strong></span> <span class='ocrx_word' id='word_1_251' title='bbox 2246 2677 2410 2754; x_wconf 76' lang='grc' dir='ltr'><strong><em>ἡμῶν</em></strong></span> <span class='ocrx_word' id='word_1_252' title='bbox 2433 2680 2502 2736; x_wconf 78' lang='grc' dir='ltr'>τα</span> 
     </span>
     <span class='ocr_line' id='line_1_25' title="bbox 229 2764 2505 2838; baseline -0.002 -15"><span class='ocrx_word' id='word_1_253' title='bbox 229 2764 510 2838; x_wconf 75' lang='grc' dir='ltr'><strong><em>ἐμπορικὰ</em></strong></span> <span class='ocrx_word' id='word_1_254' title='bbox 537 2765 816 2838; x_wconf 76' lang='grc' dir='ltr'><strong><em>χρήματα,</em></strong></span> <span class='ocrx_word' id='word_1_255' title='bbox 851 2774 947 2823; x_wconf 88' lang='lat' dir='ltr'>ubi</span> <span class='ocrx_word' id='word_1_256' title='bbox 968 2769 1069 2824; x_wconf 78' lang='grc' dir='ltr'>καὶ</span> <span class='ocrx_word' id='word_1_257' title='bbox 1109 2779 1238 2824; x_wconf 86' lang='lat' dir='ltr'>ante</span> <span class='ocrx_word' id='word_1_258' title='bbox 1262 2772 1362 2824; x_wconf 82' lang='grc' dir='ltr'>τοῦ</span> <span class='ocrx_word' id='word_1_259' title='bbox 1385 2773 1592 2824; x_wconf 84' lang='lat' dir='ltr'>lectum</span> <span class='ocrx_word' id='word_1_260' title='bbox 1619 2774 1762 2824; x_wconf 90' lang='lat' dir='ltr'>eieci</span> <span class='ocrx_word' id='word_1_261' title='bbox 1788 2773 2106 2823; x_wconf 83' lang='lat' dir='ltr'>auctoribus</span> <span class='ocrx_word' id='word_1_262' title='bbox 2131 2771 2193 2825; x_wconf 84' lang='lat' dir='ltr'>A.</span> <span class='ocrx_word' id='word_1_263' title='bbox 2216 2769 2307 2823; x_wconf 84' lang='grc' dir='ltr'>Σ.’</span> <span class='ocrx_word' id='word_1_264' title='bbox 2340 2771 2505 2820; x_wconf 90' lang='lat' dir='ltr'>Din-</span> 
     </span>
     <span class='ocr_line' id='line_1_26' title="bbox 229 2855 2504 2924; baseline 0 -18"><span class='ocrx_word' id='word_1_265' title='bbox 229 2857 346 2907; x_wconf 91' lang='lat' dir='ltr'>dor</span> <span class='ocrx_word' id='word_1_266' title='bbox 363 2857 517 2907; x_wconf 79' lang='lat' dir='ltr'>sius.</span> <span class='ocrx_word' id='word_1_267' title='bbox 554 2857 817 2907; x_wconf 84' lang='lat' dir='ltr'>Attamen</span> <span class='ocrx_word' id='word_1_268' title='bbox 831 2859 898 2908; x_wconf 86' lang='lat' dir='ltr'>de</span> <span class='ocrx_word' id='word_1_269' title='bbox 919 2858 1026 2908; x_wconf 88' lang='lat' dir='ltr'>hac</span> <span class='ocrx_word' id='word_1_270' title='bbox 1049 2858 1298 2924; x_wconf 78' lang='lat' dir='ltr'>emphasi</span> <span class='ocrx_word' id='word_1_271' title='bbox 1317 2859 1388 2909; x_wconf 83' lang='lat' dir='ltr'>cf.</span> <span class='ocrx_word' id='word_1_272' title='bbox 1407 2859 1726 2920; x_wconf 77' lang='lat' dir='ltr'>Aristocr.§.</span> <span class='ocrx_word' id='word_1_273' title='bbox 1744 2856 1843 2908; x_wconf 82' lang='lat'>150</span> <span class='ocrx_word' id='word_1_274' title='bbox 1857 2856 2144 2907; x_wconf 83' lang='lat' dir='ltr'>etWeber.</span> <span class='ocrx_word' id='word_1_275' title='bbox 2159 2856 2227 2906; x_wconf 86' lang='lat' dir='ltr'>ad</span> <span class='ocrx_word' id='word_1_276' title='bbox 2241 2855 2504 2906; x_wconf 82' lang='lat' dir='ltr'>Aristocr.</span> 
     </span>
     <span class='ocr_line' id='line_1_27' title="bbox 226 2929 2505 3009; baseline 0.001 -19"><span class='ocrx_word' id='word_1_277' title='bbox 226 2944 277 3003; x_wconf 69' lang='lat'>§-</span> <span class='ocrx_word' id='word_1_278' title='bbox 318 2940 434 2992; x_wconf 87' lang='lat'>132.</span> <span class='ocrx_word' id='word_1_279' title='bbox 493 2941 618 2991; x_wconf 87' lang='lat' dir='ltr'>Non</span> <span class='ocrx_word' id='word_1_280' title='bbox 641 2947 767 2991; x_wconf 85' lang='lat' dir='ltr'>sunt</span> <span class='ocrx_word' id='word_1_281' title='bbox 792 2943 934 2991; x_wconf 89' lang='lat' dir='ltr'>enim</span> <span class='ocrx_word' id='word_1_282' title='bbox 961 2929 1101 3007; x_wconf 84' lang='lat' dir='ltr'>quae</span> <span class='ocrx_word' id='word_1_283' title='bbox 1135 2949 1435 3009; x_wconf 87' lang='lat' dir='ltr'>sequuntur</span> <span class='ocrx_word' id='word_1_284' title='bbox 1457 2943 1792 3009; x_wconf 84' lang='lat' dir='ltr'>simpliciter</span> <span class='ocrx_word' id='word_1_285' title='bbox 1816 2941 2143 3008; x_wconf 85' lang='lat' dir='ltr'>explicando</span> <span class='ocrx_word' id='word_1_286' title='bbox 2170 2939 2505 3007; x_wconf 77' lang='grc' dir='ltr'><strong><em>δημοτικοῦ,</em></strong></span> 
     </span>
     <span class='ocr_line' id='line_1_28' title="bbox 227 3022 2501 3092; baseline 0 -16"><span class='ocrx_word' id='word_1_287' title='bbox 227 3026 326 3076; x_wconf 82' lang='lat' dir='ltr'>sed</span> <span class='ocrx_word' id='word_1_288' title='bbox 352 3026 434 3074; x_wconf 90' lang='lat' dir='ltr'>sic</span> <span class='ocrx_word' id='word_1_289' title='bbox 458 3022 848 3090; x_wconf 86' lang='lat' dir='ltr'>intelligenda:</span> <span class='ocrx_word' id='word_1_290' title='bbox 877 3043 983 3077; x_wconf 91' lang='lat' dir='ltr'>non</span> <span class='ocrx_word' id='word_1_291' title='bbox 1007 3027 1288 3092; x_wconf 81' lang='lat' dir='ltr'>popularis</span> <span class='ocrx_word' id='word_1_292' title='bbox 1314 3029 1434 3077; x_wconf 90' lang='lat' dir='ltr'>eius</span> <span class='ocrx_word' id='word_1_293' title='bbox 1459 3027 1621 3090; x_wconf 85' lang='lat' dir='ltr'>filius,</span> <span class='ocrx_word' id='word_1_294' title='bbox 1650 3026 1842 3092; x_wconf 83' lang='lat' dir='ltr'>quales</span> <span class='ocrx_word' id='word_1_295' title='bbox 1864 3026 2022 3076; x_wconf 86' lang='lat' dir='ltr'>multi</span> <span class='ocrx_word' id='word_1_296' title='bbox 2046 3032 2173 3078; x_wconf 86' lang='lat' dir='ltr'>sunt</span> <span class='ocrx_word' id='word_1_297' title='bbox 2188 3027 2501 3092; x_wconf 78' lang='lat' dir='ltr'>popularee,</span> 
     </span>
     <span class='ocr_line' id='line_1_29' title="bbox 228 3103 2504 3177; baseline 0 -17"><span class='ocrx_word' id='word_1_298' title='bbox 228 3110 326 3160; x_wconf 81' lang='lat' dir='ltr'>sed</span> <span class='ocrx_word' id='word_1_299' title='bbox 351 3110 514 3159; x_wconf 84' lang='lat' dir='ltr'>unius</span> <span class='ocrx_word' id='word_1_300' title='bbox 553 3125 620 3159; x_wconf 87' lang='lat' dir='ltr'>ex</span> <span class='ocrx_word' id='word_1_301' title='bbox 655 3109 743 3172; x_wconf 80' lang='lat' dir='ltr'>iis,</span> <span class='ocrx_word' id='word_1_302' title='bbox 784 3111 874 3174; x_wconf 87' lang='lat' dir='ltr'>qni</span> <span class='ocrx_word' id='word_1_303' title='bbox 901 3127 930 3160; x_wconf 86' lang='lat' dir='ltr'>e</span> <span class='ocrx_word' id='word_1_304' title='bbox 955 3110 1132 3175; x_wconf 82' lang='lat' dir='ltr'>Phyla</span> <span class='ocrx_word' id='word_1_305' title='bbox 1157 3110 1415 3177; x_wconf 87' lang='lat' dir='ltr'>populum</span> <span class='ocrx_word' id='word_1_306' title='bbox 1439 3112 1749 3162; x_wconf 81' lang='lat' dir='ltr'>reduxerat.</span> <span class='ocrx_word' id='word_1_307' title='bbox 1840 3111 1924 3176; x_wconf 90' lang='lat'>11)</span> <span class='ocrx_word' id='word_1_308' title='bbox 1960 3111 2044 3160; x_wconf 90' lang='lat' dir='ltr'>De</span> <span class='ocrx_word' id='word_1_309' title='bbox 2084 3117 2321 3161; x_wconf 84' lang='lat' dir='ltr'>accentu</span> <span class='ocrx_word' id='word_1_310' title='bbox 2346 3103 2504 3177; x_wconf 80' lang='grc' dir='ltr'><strong><em>Φυλή</em></strong></span> 
     </span>
     <span class='ocr_line' id='line_1_30' title="bbox 229 3184 2505 3260; baseline 0 -16"><span class='ocrx_word' id='word_1_311' title='bbox 229 3207 610 3259; x_wconf 76' lang='lat' dir='ltr'>comparamus</span> <span class='ocrx_word' id='word_1_312' title='bbox 636 3186 814 3260; x_wconf 82' lang='grc' dir='ltr'><strong><em>Φλυή,</em></strong></span> <span class='ocrx_word' id='word_1_313' title='bbox 842 3195 933 3258; x_wconf 86' lang='lat' dir='ltr'>qui</span> <span class='ocrx_word' id='word_1_314' title='bbox 952 3196 1176 3254; x_wconf 88' lang='lat' dir='ltr'>Demus,</span> <span class='ocrx_word' id='word_1_315' title='bbox 1204 3199 1265 3246; x_wconf 78' lang='lat' dir='ltr'>ut</span> <span class='ocrx_word' id='word_1_316' title='bbox 1282 3195 1589 3247; x_wconf 84' lang='lat' dir='ltr'>Herodian.</span> <span class='ocrx_word' id='word_1_317' title='bbox 1616 3195 1816 3245; x_wconf 85' lang='lat' dir='ltr'>Arcad.</span> <span class='ocrx_word' id='word_1_318' title='bbox 1842 3211 1895 3260; x_wconf 89' lang='lat' dir='ltr'>p.</span> <span class='ocrx_word' id='word_1_319' title='bbox 1919 3193 2014 3244; x_wconf 88' lang='lat'>103</span> <span class='ocrx_word' id='word_1_320' title='bbox 2038 3195 2282 3258; x_wconf 86' lang='lat' dir='ltr'>tradidit,</span> <span class='ocrx_word' id='word_1_321' title='bbox 2310 3184 2505 3258; x_wconf 74' lang='grc' dir='ltr'><strong><em>ὀξύνε-</em></strong></span> 
     </span>
     <span class='ocr_line' id='line_1_31' title="bbox 226 3272 2504 3345; baseline 0.001 -17"><span class='ocrx_word' id='word_1_322' title='bbox 226 3294 341 3329; x_wconf 82' lang='grc' dir='ltr'><strong><em>ται.</em></strong></span> <span class='ocrx_word' id='word_1_323' title='bbox 389 3277 514 3328; x_wconf 85' lang='lat' dir='ltr'>vid.</span> <span class='ocrx_word' id='word_1_324' title='bbox 555 3276 824 3345; x_wconf 67' lang='lat' dir='ltr'>Gottling.</span> <span class='ocrx_word' id='word_1_325' title='bbox 862 3280 1091 3330; x_wconf 86' lang='lat' dir='ltr'>Accent.</span> <span class='ocrx_word' id='word_1_326' title='bbox 1119 3297 1171 3345; x_wconf 89' lang='lat' dir='ltr'>p.</span> <span class='ocrx_word' id='word_1_327' title='bbox 1206 3277 1300 3329; x_wconf 85' lang='lat'>149</span> <span class='ocrx_word' id='word_1_328' title='bbox 1325 3295 1406 3344; x_wconf 81' lang='lat' dir='ltr'>sq.</span> <span class='ocrx_word' id='word_1_329' title='bbox 1513 3279 1596 3342; x_wconf 84' lang='lat'>12)</span> <span class='ocrx_word' id='word_1_330' title='bbox 1621 3272 1720 3331; x_wconf 85' lang='grc' dir='ltr'><strong><em>τὸν</em></strong></span> <span class='ocrx_word' id='word_1_331' title='bbox 1746 3277 1931 3344; x_wconf 76' lang='grc' dir='ltr'><strong><em>δῆμον</em></strong></span> <span class='ocrx_word' id='word_1_332' title='bbox 1954 3295 2087 3329; x_wconf 83' lang='grc' dir='ltr'><strong><em>κατ..</em></strong></span> <span class='ocrx_word' id='word_1_333' title='bbox 2114 3295 2161 3331; x_wconf 83' lang='lat' dir='ltr'>r.</span> <span class='ocrx_word' id='word_1_334' title='bbox 2196 3279 2393 3329; x_wconf 59' lang='lat' dir='ltr'>vindat.</span> <span class='ocrx_word' id='word_1_335' title='bbox 2430 3277 2504 3330; x_wconf 88' lang='lat' dir='ltr'>H.</span> 
     </span>
     <span class='ocr_line' id='line_1_32' title="bbox 225 3355 2503 3429; baseline -0.001 -16"><span class='ocrx_word' id='word_1_336' title='bbox 225 3360 430 3413; x_wconf 87' lang='lat' dir='ltr'>Laur8.</span> <span class='ocrx_word' id='word_1_337' title='bbox 467 3361 601 3415; x_wconf 83' lang='lat' dir='ltr'>Mal.</span> <span class='ocrx_word' id='word_1_338' title='bbox 743 3362 830 3428; x_wconf 88' lang='lat'>13)</span> <span class='ocrx_word' id='word_1_339' title='bbox 865 3355 1226 3429; x_wconf 74' lang='grc' dir='ltr'><strong><em>ὠφεληκέναι</em></strong></span> <span class='ocrx_word' id='word_1_340' title='bbox 1261 3363 1386 3414; x_wconf 88' lang='lat' dir='ltr'>Ald.</span> <span class='ocrx_word' id='word_1_341' title='bbox 1423 3360 1501 3416; x_wconf 85' lang='grc' dir='ltr'>Ω.</span> <span class='ocrx_word' id='word_1_342' title='bbox 1646 3363 1727 3426; x_wconf 84' lang='grc'>14)</span> <span class='ocrx_word' id='word_1_343' title='bbox 1778 3358 1877 3414; x_wconf 77' lang='grc' dir='ltr'>καὶ</span> <span class='ocrx_word' id='word_1_344' title='bbox 1920 3361 2033 3412; x_wconf 73' lang='grc' dir='ltr'><strong><em>τῶν</em></strong></span> <span class='ocrx_word' id='word_1_345' title='bbox 2067 3362 2283 3412; x_wconf 86' lang='lat' dir='ltr'>Aldetc.</span> <span class='ocrx_word' id='word_1_346' title='bbox 2318 3360 2399 3415; x_wconf 87' lang='grc' dir='ltr'>Ω.</span> <span class='ocrx_word' id='word_1_347' title='bbox 2440 3361 2503 3412; x_wconf 78' lang='grc' dir='ltr'>Τ.</span> 
     </span>
     <span class='ocr_line' id='line_1_33' title="bbox 229 3444 2505 3514; baseline -0.001 -16"><span class='ocrx_word' id='word_1_348' title='bbox 229 3456 265 3498; x_wconf 80' lang='lat' dir='ltr'>t.</span> <span class='ocrx_word' id='word_1_349' title='bbox 303 3466 353 3498; x_wconf 83' lang='lat' dir='ltr'>u.</span> <span class='ocrx_word' id='word_1_350' title='bbox 388 3464 435 3497; x_wconf 85' lang='lat' dir='ltr'>v.</span> <span class='ocrx_word' id='word_1_351' title='bbox 473 3446 670 3497; x_wconf 86' lang='lat' dir='ltr'>Vindl.</span> <span class='ocrx_word' id='word_1_352' title='bbox 697 3447 746 3497; x_wconf 82' lang='lat'>7.</span> <span class='ocrx_word' id='word_1_353' title='bbox 785 3447 987 3497; x_wconf 89' lang='lat' dir='ltr'>Laur8.</span> <span class='ocrx_word' id='word_1_354' title='bbox 1023 3473 1094 3483; x_wconf 93' lang='lat'>—</span> <span class='ocrx_word' id='word_1_355' title='bbox 1127 3446 1240 3498; x_wconf 76' lang='grc' dir='ltr'><strong><em>τῶν</em></strong></span> <span class='ocrx_word' id='word_1_356' title='bbox 1263 3449 1486 3514; x_wconf 85' lang='lat' dir='ltr'>punctis</span> <span class='ocrx_word' id='word_1_357' title='bbox 1511 3448 1727 3498; x_wconf 86' lang='lat' dir='ltr'>notavit</span> <span class='ocrx_word' id='word_1_358' title='bbox 1750 3447 1921 3499; x_wconf 84' lang='lat' dir='ltr'>AldV.</span> <span class='ocrx_word' id='word_1_359' title='bbox 1986 3447 2063 3496; x_wconf 86' lang='lat' dir='ltr'>‘Si</span> <span class='ocrx_word' id='word_1_360' title='bbox 2098 3444 2211 3496; x_wconf 73' lang='grc' dir='ltr'><strong><em>ταῖν</em></strong></span> <span class='ocrx_word' id='word_1_361' title='bbox 2237 3445 2306 3496; x_wconf 85' lang='lat' dir='ltr'>ad</span> <span class='ocrx_word' id='word_1_362' title='bbox 2331 3446 2505 3496; x_wconf 87' lang='lat' dir='ltr'>Thra-</span> 
     </span>
     <span class='ocr_line' id='line_1_34' title="bbox 225 3529 2505 3600; baseline 0 -18"><span class='ocrx_word' id='word_1_363' title='bbox 225 3533 478 3596; x_wconf 82' lang='lat' dir='ltr'>sybulum</span> <span class='ocrx_word' id='word_1_364' title='bbox 513 3547 625 3582; x_wconf 89' lang='lat' dir='ltr'>non</span> <span class='ocrx_word' id='word_1_365' title='bbox 659 3531 914 3592; x_wconf 84' lang='lat' dir='ltr'>refertur,</span> <span class='ocrx_word' id='word_1_366' title='bbox 956 3532 1110 3582; x_wconf 86' lang='lat' dir='ltr'>cuius</span> <span class='ocrx_word' id='word_1_367' title='bbox 1141 3534 1274 3582; x_wconf 88' lang='lat' dir='ltr'>mihi</span> <span class='ocrx_word' id='word_1_368' title='bbox 1301 3532 1637 3600; x_wconf 81' lang='lat' dir='ltr'>genealogia</span> <span class='ocrx_word' id='word_1_369' title='bbox 1672 3537 1807 3583; x_wconf 82' lang='lat' dir='ltr'>nota</span> <span class='ocrx_word' id='word_1_370' title='bbox 1828 3547 1940 3582; x_wconf 89' lang='lat' dir='ltr'>non</span> <span class='ocrx_word' id='word_1_371' title='bbox 1966 3537 2065 3596; x_wconf 85' lang='lat' dir='ltr'>est,</span> <span class='ocrx_word' id='word_1_372' title='bbox 2105 3529 2234 3596; x_wconf 87' lang='lat' dir='ltr'>[vid.</span> <span class='ocrx_word' id='word_1_373' title='bbox 2264 3530 2505 3584; x_wconf 74' lang='lat' dir='ltr'>Sicvcre.</span> 
     </span>
     <span class='ocr_line' id='line_1_35' title="bbox 225 3607 2503 3688; baseline 0 -22"><span class='ocrx_word' id='word_1_374' title='bbox 225 3617 373 3666; x_wconf 83' lang='lat' dir='ltr'>Hist.</span> <span class='ocrx_word' id='word_1_375' title='bbox 413 3617 611 3667; x_wconf 86' lang='lat' dir='ltr'>Graec.</span> <span class='ocrx_word' id='word_1_376' title='bbox 649 3633 702 3682; x_wconf 88' lang='lat' dir='ltr'>p.</span> <span class='ocrx_word' id='word_1_377' title='bbox 745 3613 897 3682; x_wconf 82' lang='lat'>106]‚</span> <span class='ocrx_word' id='word_1_378' title='bbox 931 3617 1471 3688; x_wconf 82' lang='lat' dir='ltr'>subintelligendum</span> <span class='ocrx_word' id='word_1_379' title='bbox 1519 3622 1606 3668; x_wconf 85' lang='lat' dir='ltr'>est</span> <span class='ocrx_word' id='word_1_380' title='bbox 1642 3621 1737 3666; x_wconf 88' lang='lat' dir='ltr'>aut</span> <span class='ocrx_word' id='word_1_381' title='bbox 1770 3617 2029 3667; x_wconf 81' lang='lat' dir='ltr'>omissum</span> <span class='ocrx_word' id='word_1_382' title='bbox 2065 3607 2243 3675; x_wconf 74' lang='grc' dir='ltr'><strong><em>τινάς.</em></strong></span> <span class='ocrx_word' id='word_1_383' title='bbox 2312 3615 2503 3682; x_wconf 89' lang='lat' dir='ltr'>Ulpia-</span> 
     </span>
     <span class='ocr_line' id='line_1_36' title="bbox 225 3693 2497 3766; baseline -0 -15"><span class='ocrx_word' id='word_1_384' title='bbox 225 3716 329 3751; x_wconf 87' lang='lat' dir='ltr'>nus</span> <span class='ocrx_word' id='word_1_385' title='bbox 363 3702 671 3750; x_wconf 87' lang='lat' dir='ltr'>Proxenum</span> <span class='ocrx_word' id='word_1_386' title='bbox 716 3698 1022 3766; x_wconf 62' lang='lat' dir='ltr'>intelligit!</span> <span class='ocrx_word' id='word_1_387' title='bbox 1083 3701 1391 3751; x_wconf 79' lang='lat' dir='ltr'>wolfius,</span> <span class='ocrx_word' id='word_1_388' title='bbox 1462 3701 1845 3751; x_wconf 86' lang='lat' dir='ltr'>ParThiersch</span> <span class='ocrx_word' id='word_1_389' title='bbox 1889 3693 2025 3760; x_wconf 74' lang='grc' dir='ltr'>τούς</span> <span class='ocrx_word' id='word_1_390' title='bbox 2060 3701 2376 3764; x_wconf 48' lang='lat' dir='ltr'>‚annotavit-</span> <span class='ocrx_word' id='word_1_391' title='bbox 2442 3725 2497 3735; x_wconf 94' lang='lat'><em>—</em></span> 
     </span>
     <span class='ocr_line' id='line_1_37' title="bbox 224 3777 2504 3852; baseline -0.001 -15"><span class='ocrx_word' id='word_1_392' title='bbox 224 3783 327 3838; x_wconf 78' lang='grc' dir='ltr'>καὶ</span> <span class='ocrx_word' id='word_1_393' title='bbox 361 3777 463 3836; x_wconf 82' lang='grc' dir='ltr'><strong><em>τὸν</em></strong></span> <span class='ocrx_word' id='word_1_394' title='bbox 507 3783 575 3837; x_wconf 89' lang='grc' dir='ltr'>Σ.</span> <span class='ocrx_word' id='word_1_395' title='bbox 625 3785 830 3836; x_wconf 85' lang='lat' dir='ltr'>LaurS.</span> <span class='ocrx_word' id='word_1_396' title='bbox 880 3784 1028 3850; x_wconf 82' lang='lat' dir='ltr'>vulg.</span> <span class='ocrx_word' id='word_1_397' title='bbox 1095 3784 1341 3835; x_wconf 81' lang='lat' dir='ltr'>‘Correxi</span> <span class='ocrx_word' id='word_1_398' title='bbox 1376 3779 1494 3836; x_wconf 86' lang='grc' dir='ltr'><strong><em>τὸν.</em></strong></span> <span class='ocrx_word' id='word_1_399' title='bbox 1554 3801 1683 3836; x_wconf 83' lang='lat' dir='ltr'>nam</span> <span class='ocrx_word' id='word_1_400' title='bbox 1718 3787 1977 3852; x_wconf 82' lang='lat' dir='ltr'>designat</span> <span class='ocrx_word' id='word_1_401' title='bbox 2018 3789 2231 3837; x_wconf 84' lang='lat' dir='ltr'>certum</span> <span class='ocrx_word' id='word_1_402' title='bbox 2266 3784 2504 3850; x_wconf 86' lang='lat' dir='ltr'>aliquem</span> 
     </span>
     <span class='ocr_line' id='line_1_38' title="bbox 227 3868 2593 3935; baseline 0 -17"><span class='ocrx_word' id='word_1_403' title='bbox 227 3886 264 3919; x_wconf 86' lang='lat' dir='ltr'>a.</span> <span class='ocrx_word' id='word_1_404' title='bbox 298 3868 643 3935; x_wconf 79' lang='lat' dir='ltr'>Thrasybulo</span> <span class='ocrx_word' id='word_1_405' title='bbox 679 3869 980 3931; x_wconf 80' lang='lat' dir='ltr'>diversum,</span> <span class='ocrx_word' id='word_1_406' title='bbox 1031 3869 1186 3918; x_wconf 87' lang='lat' dir='ltr'>cuius</span> <span class='ocrx_word' id='word_1_407' title='bbox 1221 3885 1419 3930; x_wconf 86' lang='lat' dir='ltr'>nomen</span> <span class='ocrx_word' id='word_1_408' title='bbox 1455 3885 1557 3920; x_wconf 81' lang='lat' dir='ltr'>seu</span> <span class='ocrx_word' id='word_1_409' title='bbox 1589 3872 1908 3922; x_wconf 81' lang='lat' dir='ltr'>reverentia</span> <span class='ocrx_word' id='word_1_410' title='bbox 1942 3873 2171 3933; x_wconf 84' lang='lat' dir='ltr'>reticet,</span> <span class='ocrx_word' id='word_1_411' title='bbox 2218 3885 2317 3920; x_wconf 80' lang='lat' dir='ltr'>seu</span> <span class='ocrx_word' id='word_1_412' title='bbox 2360 3870 2505 3935; x_wconf 87' lang='lat' dir='ltr'>quod</span> <span class='ocrx_word' id='word_1_413' title='bbox 2579 3875 2593 3888; x_wconf 84' lang='grc'><em>·</em></span> 
     </span>
     <span class='ocr_line' id='line_1_39' title="bbox 225 3951 2501 4017; baseline 0 -13"><span class='ocrx_word' id='word_1_414' title='bbox 225 3954 432 4004; x_wconf 87' lang='lat' dir='ltr'>nemini</span> <span class='ocrx_word' id='word_1_415' title='bbox 467 3969 576 4003; x_wconf 87' lang='lat' dir='ltr'>non</span> <span class='ocrx_word' id='word_1_416' title='bbox 612 3953 703 4004; x_wconf 82' lang='lat' dir='ltr'>vel</span> <span class='ocrx_word' id='word_1_417' title='bbox 740 3954 822 4003; x_wconf 88' lang='lat' dir='ltr'>sic</span> <span class='ocrx_word' id='word_1_418' title='bbox 858 3958 1048 4003; x_wconf 88' lang='lat' dir='ltr'>notum</span> <span class='ocrx_word' id='word_1_419' title='bbox 1086 3951 1270 4006; x_wconf 84' lang='lat' dir='ltr'>esset.’</span> <span class='ocrx_word' id='word_1_420' title='bbox 1332 3955 1684 4008; x_wconf 82' lang='lat' dir='ltr'>Reiskius.</span> <span class='ocrx_word' id='word_1_421' title='bbox 1753 3956 1871 4006; x_wconf 88' lang='lat' dir='ltr'>Imo</span> <span class='ocrx_word' id='word_1_422' title='bbox 1904 3955 2015 4007; x_wconf 82' lang='lat' dir='ltr'>vid.</span> <span class='ocrx_word' id='word_1_423' title='bbox 2054 3959 2168 4004; x_wconf 89' lang='lat' dir='ltr'>not.</span> <span class='ocrx_word' id='word_1_424' title='bbox 2208 3952 2286 4003; x_wconf 89' lang='grc'>10.</span> <span class='ocrx_word' id='word_1_425' title='bbox 2418 3953 2501 4017; x_wconf 84' lang='grc'>15)</span> 
     </span>
     <span class='ocr_line' id='line_1_40' title="bbox 225 4033 2507 4104; baseline 0.001 -18"><span class='ocrx_word' id='word_1_426' title='bbox 225 4038 348 4088; x_wconf 86' lang='lat' dir='ltr'>vid.</span> <span class='ocrx_word' id='word_1_427' title='bbox 385 4039 612 4100; x_wconf 68' lang='lat' dir='ltr'>Excute.</span> <span class='ocrx_word' id='word_1_428' title='bbox 651 4039 722 4088; x_wconf 87' lang='lat' dir='ltr'>ad</span> <span class='ocrx_word' id='word_1_429' title='bbox 756 4038 810 4087; x_wconf 89' lang='lat' dir='ltr'>h.</span> <span class='ocrx_word' id='word_1_430' title='bbox 848 4037 889 4088; x_wconf 92' lang='lat'>1.</span> <span class='ocrx_word' id='word_1_431' title='bbox 1019 4035 1109 4104; x_wconf 87' lang='lat'>16)</span> <span class='ocrx_word' id='word_1_432' title='bbox 1155 4033 1256 4088; x_wconf 83' lang='grc' dir='ltr'>καὶ</span> <span class='ocrx_word' id='word_1_433' title='bbox 1291 4054 1378 4088; x_wconf 91' lang='lat' dir='ltr'>om</span> <span class='ocrx_word' id='word_1_434' title='bbox 1415 4036 1467 4088; x_wconf 82' lang='grc' dir='ltr'>δ.</span> <span class='ocrx_word' id='word_1_435' title='bbox 1514 4039 1789 4090; x_wconf 80' lang='lat' dir='ltr'>secundus</span> <span class='ocrx_word' id='word_1_436' title='bbox 1825 4055 1949 4090; x_wconf 88' lang='lat' dir='ltr'>corr</span> <span class='ocrx_word' id='word_1_437' title='bbox 1980 4038 2057 4091; x_wconf 88' lang='lat' dir='ltr'>H.</span> <span class='ocrx_word' id='word_1_438' title='bbox 2096 4038 2222 4090; x_wconf 86' lang='lat' dir='ltr'>Chr.</span> <span class='ocrx_word' id='word_1_439' title='bbox 2278 4037 2507 4089; x_wconf 85' lang='lat' dir='ltr'>Delevit</span> 
     </span>
     <span class='ocr_line' id='line_1_41' title="bbox 223 4113 2503 4190; baseline 0.001 -19"><span class='ocrx_word' id='word_1_440' title='bbox 223 4123 391 4173; x_wconf 90' lang='lat' dir='ltr'>Dind.</span> <span class='ocrx_word' id='word_1_441' title='bbox 433 4139 462 4172; x_wconf 91' lang='lat' dir='ltr'>e</span> <span class='ocrx_word' id='word_1_442' title='bbox 498 4121 818 4172; x_wconf 85' lang='lat' dir='ltr'>Marklandi</span> <span class='ocrx_word' id='word_1_443' title='bbox 855 4123 1194 4174; x_wconf 83' lang='lat' dir='ltr'>coniectura.</span> <span class='ocrx_word' id='word_1_444' title='bbox 1302 4122 1386 4186; x_wconf 89' lang='lat'>17)</span> <span class='ocrx_word' id='word_1_445' title='bbox 1421 4113 1576 4188; x_wconf 71' lang='grc' dir='ltr'><strong><em>ἡμᾶς</em></strong></span> <span class='ocrx_word' id='word_1_446' title='bbox 1606 4121 1678 4174; x_wconf 89' lang='grc' dir='ltr'>Σ.</span> <span class='ocrx_word' id='word_1_447' title='bbox 1714 4123 1923 4186; x_wconf 86' lang='lat' dir='ltr'>LaurS.</span> <span class='ocrx_word' id='word_1_448' title='bbox 1959 4125 2110 4190; x_wconf 81' lang='lat' dir='ltr'>vulg.</span> <span class='ocrx_word' id='word_1_449' title='bbox 2168 4123 2255 4172; x_wconf 80' lang='lat' dir='ltr'>Cf.</span> <span class='ocrx_word' id='word_1_450' title='bbox 2282 4127 2393 4173; x_wconf 86' lang='lat' dir='ltr'>not.</span> <span class='ocrx_word' id='word_1_451' title='bbox 2426 4121 2503 4174; x_wconf 81' lang='lat'>19.</span> 
     </span>
     <span class='ocr_line' id='line_1_42' title="bbox 223 4196 2503 4274; baseline 0.001 -18"><span class='ocrx_word' id='word_1_452' title='bbox 223 4231 288 4242; x_wconf 88' lang='lat'>-—·</span> <span class='ocrx_word' id='word_1_453' title='bbox 349 4196 502 4272; x_wconf 74' lang='grc' dir='ltr'><strong><em>ὑμᾶς</em></strong></span> <span class='ocrx_word' id='word_1_454' title='bbox 547 4204 763 4256; x_wconf 84' lang='lat' dir='ltr'>Aldetc.</span> <span class='ocrx_word' id='word_1_455' title='bbox 800 4221 924 4256; x_wconf 88' lang='lat' dir='ltr'>corr</span> <span class='ocrx_word' id='word_1_456' title='bbox 957 4207 1006 4255; x_wconf 80' lang='lat' dir='ltr'>lc.</span> <span class='ocrx_word' id='word_1_457' title='bbox 1045 4205 1126 4271; x_wconf 79' lang='lat' dir='ltr'>(F.</span> <span class='ocrx_word' id='word_1_458' title='bbox 1167 4207 1232 4270; x_wconf 88' lang='lat' dir='ltr'>s).</span> <span class='ocrx_word' id='word_1_459' title='bbox 1290 4232 1344 4242; x_wconf 88' lang='lat'>—</span> <span class='ocrx_word' id='word_1_460' title='bbox 1393 4197 1547 4270; x_wconf 69' lang='grc' dir='ltr'><strong><em>’ὑμᾶς</em></strong></span> <span class='ocrx_word' id='word_1_461' title='bbox 1581 4209 1703 4258; x_wconf 87' lang='lat' dir='ltr'>Mor</span> <span class='ocrx_word' id='word_1_462' title='bbox 1732 4209 1891 4274; x_wconf 85' lang='lat' dir='ltr'>ponit</span> <span class='ocrx_word' id='word_1_463' title='bbox 1924 4214 2049 4274; x_wconf 88' lang='lat' dir='ltr'>post</span> <span class='ocrx_word' id='word_1_464' title='bbox 2085 4199 2503 4273; x_wconf 69' lang='grc' dir='ltr'><strong><em>ἐργασαμένων.</em></strong></span> 
     </span>
     <span class='ocr_line' id='line_1_43' title="bbox 223 4285 2502 4358; baseline 0.001 -18"><span class='ocrx_word' id='word_1_465' title='bbox 223 4317 288 4328; x_wconf 90' lang='lat'><em>-</em></span> <span class='ocrx_word' id='word_1_466' title='bbox 337 4307 424 4341; x_wconf 88' lang='lat' dir='ltr'>om</span> <span class='ocrx_word' id='word_1_467' title='bbox 459 4290 632 4356; x_wconf 82' lang='lat' dir='ltr'>Augl.</span> <span class='ocrx_word' id='word_1_468' title='bbox 673 4347 679 4352; x_wconf 49' lang='grc'>,</span> <span class='ocrx_word' id='word_1_469' title='bbox 741 4287 824 4351; x_wconf 88' lang='lat'>18)</span> <span class='ocrx_word' id='word_1_470' title='bbox 863 4285 1250 4355; x_wconf 76' lang='grc' dir='ltr'><strong><em>εἰργασμένων</em></strong></span> <span class='ocrx_word' id='word_1_471' title='bbox 1275 4289 1342 4343; x_wconf 91' lang='grc' dir='ltr'>Σ.</span> <span class='ocrx_word' id='word_1_472' title='bbox 1368 4291 1575 4343; x_wconf 88' lang='lat' dir='ltr'>LaurS.</span> <span class='ocrx_word' id='word_1_473' title='bbox 1618 4290 1683 4342; x_wconf 71' lang='lat' dir='ltr'>T.</span> <span class='ocrx_word' id='word_1_474' title='bbox 1710 4293 1775 4343; x_wconf 84' lang='grc' dir='ltr'>Φ.</span> <span class='ocrx_word' id='word_1_475' title='bbox 1800 4291 1975 4358; x_wconf 85' lang='lat' dir='ltr'>Augl.</span> <span class='ocrx_word' id='word_1_476' title='bbox 1999 4311 2047 4344; x_wconf 88' lang='lat' dir='ltr'>r.</span> <span class='ocrx_word' id='word_1_477' title='bbox 2075 4307 2197 4343; x_wconf 87' lang='lat' dir='ltr'>corr</span> <span class='ocrx_word' id='word_1_478' title='bbox 2220 4291 2269 4340; x_wconf 81' lang='lat' dir='ltr'>k.</span> <span class='ocrx_word' id='word_1_479' title='bbox 2306 4292 2502 4348; x_wconf 59' lang='lat' dir='ltr'>vindat.</span> 
     </span>
     <span class='ocr_line' id='line_1_44' title="bbox 225 4365 1436 4440; baseline 0.002 -15"><span class='ocrx_word' id='word_1_480' title='bbox 225 4373 299 4425; x_wconf 91' lang='grc' dir='ltr'>Π.</span> <span class='ocrx_word' id='word_1_481' title='bbox 338 4373 539 4425; x_wconf 88' lang='lat' dir='ltr'>Laur8.</span> <span class='ocrx_word' id='word_1_482' title='bbox 576 4373 709 4425; x_wconf 89' lang='lat' dir='ltr'>Mal.</span> <span class='ocrx_word' id='word_1_483' title='bbox 749 4401 812 4412; x_wconf 92' lang='lat'>--</span> <span class='ocrx_word' id='word_1_484' title='bbox 850 4365 1254 4439; x_wconf 74' lang='grc' dir='ltr'><strong><em>ἐργασαμένων</em></strong></span> <span class='ocrx_word' id='word_1_485' title='bbox 1287 4375 1436 4440; x_wconf 79' lang='lat' dir='ltr'>vulg.</span> 
     </span>
    </p>
   </div>
  </div>
 </body>
</html>
