3084 4938
556 344 679 409 426
1038 360 1480 404 nsuosmusms
1511 362 1612 403 012.
1645 362 1730 402 nn
1759 361 1956 404 PALsA
1987 364 2024 403 ι.
2031 362 2364 405 εαᾼτιοιιιι.

554 514 809 597 τούτοις
852 519 1047 586 τοῦτο
1091 516 1215 606 μὲν
1260 511 1488 596 οὐδεὶς
1533 511 1810 603 ἀνέγνω
1841 519 1940 608 τῷ
1986 514 2181 639 δήμω
2225 544 2299 587 το
2337 517 2832 609 προβούλευμα,

418 635 522 688 352
554 614 707 689 οὐδ’
722 612 824 653 ²⁹
781 638 1067 707 ηκουσευ
1110 611 1147 689 ὁ
1196 620 1433 707 δῆμος,
1484 613 1773 698 ἆναστάς
1821 613 1888 686 δ’
1925 606 2120 700 οὗτος
2169 617 2564 709 ἐδημηγόρει
2597 624 2830 710 ταῦτα,

554 714 599 791 ἆ
635 716 1066 809 διεξῆλθον”
1022 748 1172 811 αρτι
1205 714 1368 810 πρὸς
1404 714 1577 808 ὑμᾶς
1614 718 1770 807 ἐγώ,
1795 716 1876 788 τοὶ
1910 718 2122 790 πολλὰ
2155 722 2269 791 καὶ
2303 718 2544 810 μεγάλ’
2581 719 2830 811 ἀγαθά,

552 818 597 893 ἃ
630 848 957 903 πεπεικως
1002 828 1131 910 ἔφη
1174 817 1293 891 τὸν
1326 829 1664 892 Φίλιππον
1709 818 1900 909 ἥκειν
1933 824 2044 893 καὶ
2059 815 2086 857 ³
2112 819 2234 905 ,dmi
2263 817 2498 893 τοῦτο’ι
2532 822 2828 914 χρήμαθ’

492 948 520 989 s
556 918 808 1019 ι’ἑοιυιτῷ5
840 921 999 1005 τούς
1034 930 1370 1013 Θηβαίους
1408 918 2000 1013 ἐειτωιειιεηρυχεῖυοιε,.6
2059 920 2228 1005 ὅςθ’
2263 918 2471 1014 ὑμᾶς7
2511 929 2830 1015 ἐκπεπλη-

552 1028 835 1115 γμένους
868 1028 953 1115 τῇ
984 1032 1319 1117 παρουσίᾳ
1351 1022 1425 1096 τό
1457 1028 1726 1116 πρῶτον
1758 1028 1844 1116 τῇ
1875 1029 2001 1096 τοῦ
2013 1032 2354 1097 Φιλίππου
2367 1080 2387 1115 ,
2425 1029 2538 1098 καὶ
2573 1026 2832 1110 τούτοις

548 1124 1012 1215 ὀργιζομένους
1048 1130 1155 1197 ἐπὶ
1188 1130 1285 1221 τῷ
1314 1124 1405 1218 μὴ
1451 1120 2037 1216 ιιτροηγγιελ,κι;ἰιοιι,8
2071 1131 2478 1218 πραοτέρους
2511 1132 2832 1217 γενέσθαι

551 1226 729 1310 τινός
742 1222 791 1317 ,⁰
834 1224 1048 1301 πάνθ’
1095 1224 1201 1299 ὅσ’
1250 1224 1607 1318 ἐβούλεσθ’
1655 1224 1820 1319 ὑμῖν
1880 1235 2156 1300 ἔσεσθαι
2225 1228 2828 1322 προςδοκήσαντας,

552 1432 753 1489 audivit
780 1432 1047 1508 populus,
1092 1434 1186 1490 sed
1216 1434 1321 1490 iste
1353 1436 1590 1491 surrexit
1620 1440 1676 1489 et
1703 1448 1762 1491 ea
1793 1434 2150 1508 praedicavit,
2191 1450 2332 1509 quae
2361 1435 2522 1491 modo
2553 1434 2708 1492 vobis
2739 1452 2830 1492 ex-

552 1518 845 1617 ponebam,
890 1512 1061 1577 inulta
1092 1527 1146 1574 et
1176 1536 1367 1591 magna
1396 1519 1750 1593 bona‚q11ac
1781 1535 1948 1593 quum
1979 1520 2342 1594 persuasisset
2370 1519 2620 1595 Philippo
2653 1537 2712 1577 se
2741 1538 2828 1577 ve—

550 1606 699 1661 nisse
729 1603 987 1667 iactabat,
1032 1612 1431 1680 proptereaque
1462 1606 1638 1679 ipsius
1667 1605 2006 1661 interfectori
2038 1606 2320 1680 pecuniam
2349 1604 2566 1679 publice
2595 1608 2828 1679 promis-

551 1704 665 1746 sam
696 1706 817 1745 esse
848 1708 877 1745 a
906 1689 1190 1747 Thebanis.
1249 1690 1480 1745 Proinde
1510 1707 1606 1745 vos
1649 1692 1882 1763 primum
1913 1690 2131 1745 attoniti
2172 1692 2480 1765 praesentia
2505 1688 2742 1765 Philippi
2773 1698 2828 1747 et

550 1776 673 1831 istis
714 1776 1010 1832 irascentes
1050 1777 1143 1850 qui
1184 1792 1291 1831 non
1334 1782 1457 1831 ante
1500 1775 1861 1836 indicassent,
1901 1776 2146 1847 mitiores
2186 1774 2369 1849 aliquo
2401 1774 2638 1838 lichnis,
2681 1776 2824 1850 quod

534 1850 729 1917 'omnia
760 1878 856 1917 vos
887 1868 1279 1917 consecuturos
1310 1876 1447 1935 quae
1480 1860 1688 1916 velletis
1719 1859 2046 1934 sperabatis,
2090 1876 2188 1917 nec
2219 1877 2402 1917 vocem
2433 1860 2621 1917 audire
2657 1877 2824 1917 meam

550 2049 679 2097 tem.
748 2044 821 2093 At
872 2045 981 2093 vid.
1034 2042 1080 2103 5.
1119 2040 1186 2093 34
1232 2046 1347 2091 not.
1388 2037 1469 2091 11.
1540 2042 1677 2095 Post
1733 2040 2122 2093 infinitivorum
2180 2043 2440 2094 acerbam
2497 2046 2823 2093 structuram

549 2129 793 2178 narratio
840 2132 995 2177 recta
1049 2126 1413 2176 continuatur.
1554 2124 1609 2189 ⁶2)
1667 2115 1798 2177 οὔδ’
1836 2114 1911 2175 ἂν
1948 2127 2185 2177 coniecit
2220 2126 2489 2178 Valcken.
2529 2128 2598 2177 ad
2633 2128 2825 2192 Eurip.

550 2212 773 2277 Hippol.
820 2226 899 2262 vs.
940 2208 1076 2260 1409
1116 2226 1169 2276 p.
1207 2208 1324 2261 316.
1400 2210 1550 2259 ‘Non
1587 2212 1880 2261 assentior.
1949 2212 2352 2262 Demosthenes
2389 2212 2533 2261 enim
2569 2216 2683 2263 toto
2717 2212 2824 2261 hoc

549 2297 669 2348 loco
721 2295 944 2361 exponit
992 2310 1129 2360 quae
1179 2296 1335 2347 facta
1382 2302 1532 2354 sunt,
1584 2310 1694 2345 non
1739 2310 1879 2361 quae
1925 2296 2111 2345 futura
2157 2296 2411 2347 fuissent.
2479 2297 2688 2346 Fateor
2719 2296 2824 2346 hoc

550 2397 761 2433 comma
806 2381 1148 2447 pleonastiee
1195 2381 1437 2432 additum
1482 2396 1636 2445 esse,
1683 2380 1779 2431 sed
1815 2378 2250 2431 Demosthenica
2291 2380 2467 2431 oratio
2503 2381 2822 2447 saepissime

551 2468 851 2519 exuberat.'
890 2466 1149 2518 Schaef
1160 2483 1187 2516 e
1203 2483 1327 2522 rus.
1434 2466 1486 2530 3)
1524 2462 1626 2518 καὶ
1661 2483 1748 2516 om
1784 2465 1916 2516 Mal.
2021 2466 2074 2527 4)
2111 2462 2294 2518 ταῦτα
2331 2466 2536 2516 Laui-S.
2573 2465 2720 2532 vulg.
2755 2493 2823 2504 -—

548 2552 714 2606 τοῦτο
774 2551 843 2606 Σ.
904 2557 961 2604 et
1017 2557 1081 2603 ut
1136 2553 1354 2604 videtur
1417 2550 1477 2602 Τ.
1525 2568 1654 2602 nam
1701 2549 1992 2601 Bekkerns
2051 2550 2156 2602 hoc
2217 2551 2288 2602 ad
2347 2551 2599 2616 superius
2655 2549 2822 2602 τοῦτο

546 2643 673 2705 post
714 2653 937 2696 rovreto
986 2639 1289 2688 annotavit.
1361 2637 1524 2686 Hunc
1573 2651 1810 2686 errorem
1856 2636 1966 2684 iam
2001 2635 2291 2686 Schaeferi
2329 2652 2560 2686 acumen
2596 2637 2822 2687 detexit.

546 2721 715 2774 τοῦτο
762 2724 929 2774 etiam
976 2721 1163 2816 Appfr.
1214 2723 1407 2775 vinda.
1479 2715 1736 2771 Ceterum
1782 2719 1856 2770 ef.
1894 2721 1941 2780 5.
1979 2720 2041 2769 21
2092 2724 2206 2770 not.
2241 2718 2293 2773 8.
2431 2719 2486 2782 5)
2547 2737 2633 2786 χρ.
2669 2711 2824 2784 αυτῷ

546 2809 697 2875 vulg.
752 2835 821 2845 -—
878 2822 962 2872 χρ.
1003 2797 1159 2872 αυτῷ
1192 2806 1408 2856 Feletc.
1448 2821 1569 2855 corr
1602 2801 1682 2857 Ω.
1736 2829 1802 2838 —-
1855 2793 2008 2871 αυτῷ
2044 2797 2308 2871 χρήματα
2345 2823 2392 2856 u.
2445 2831 2500 2840 —
2557 2795 2822 2872 χρήμαθ’

550 2883 826 2957 ἕαυτῳΣ.
860 2889 1069 2940 LaurS.
1108 2889 1241 2942 Ven.
1278 2889 1473 2942 vind4.
1510 2890 1594 2982 55.
1630 2887 1712 2938 21.
1751 2888 1837 2938 74.
1926 2887 1978 2952 6)
2019 2883 2426 2955 ἒπιιιηρυχέναι
2461 2906 2526 2955 pr
2560 2888 2628 2954 Σ,
2668 2891 2818 2956 antiq

549 2977 655 3028 add
690 2990 771 3027 ne.
842 2974 894 3036 7)
929 2964 1083 3040 ἡμᾶς
1118 2973 1238 3024 Ald.
1276 2971 1395 3026 Pel.
1432 2999 1498 3008 -—
1534 2964 1684 3038 ὑμᾶς
1719 2973 1856 3024 Mor.
1896 2973 1964 3026 Σ.
2003 2975 2210 3024 LaurS.
2249 2975 2396 3040 vulg.
2481 2973 2534 3038 8)
2572 2989 2810 3040 προσηγ-

546 3053 810 3124 γελκέναι
844 3057 966 3111 Ald.
1003 3058 1071 3109 Σ.
1106 3055 1188 3112 Ω.
1226 3065 1261 3108 t.
1300 3077 1347 3109 u.
1386 3077 1431 3109 v.
1468 3059 1587 3108 Bav
1627 3057 1767 3121 (F?).
1805 3059 2030 3109 Meerm.
2083 3085 2148 3096 —
2207 3055 2661 3126 προηγγελκέναι
2697 3059 2818 3111 Fet.

546 3145 751 3197 LaurS.
788 3143 934 3210 vulg.
974 3142 1101 3208 (non
1134 3141 1236 3207 Ω).
1324 3141 1376 3207 9)
1414 3136 1570 3202 τινὸς
1607 3143 1674 3196 Σ.
1713 3143 1920 3194 Laui-S.
1957 3142 2143 3209 vulgo.
2188 3170 2252 3179 —
2287 3136 2452 3201 τινὰς
2485 3159 2533 3194 r.
2568 3160 2626 3210 η.
2665 3145 2816 3196 Less.

546 3311 611 3320 -—
664 3245 819 3341 terge
850 3280 931 3337 Ω.
968 3283 1037 3318 -ἑ-
1070 3279 1227 3339 rivos
1250 3280 1423 3346 Augl.
1462 3307 1530 3316 —-
1564 3274 1728 3346 μέχρι
1763 3271 1920 3338 τινὸς
1955 3280 2095 3332 coni.
2127 3278 2328 3330 Man-kl.
2363 3307 2431 3316 --
2465 3273 2642 3345 ἀρνὸς
2678 3281 2818 3332 coni.

496 3377 527 3402 ⁶
546 3369 807 3420 Reiskius
842 3367 1179 3420 dubitanter.
1250 3381 1377 3416 nam
1412 3381 1447 3416 a
1481 3381 1613 3416 vero
1649 3365 1890 3432 proxime
1929 3363 2141 3426 aberat,
2177 3357 2332 3423 τινὸς
2369 3365 2670 3430 explicans,
2711 3366 2820 3417 ‘als

546 3455 695 3506 was)
751 3479 821 3490 —-
878 3453 1085 3504 Contra
1119 3451 1477 3502 Schaeferus:
1540 3441 1730 3508 *τινὰς
1775 3449 1902 3500 vide
1939 3465 2008 3498 ne
2047 3449 2342 3514 genuinum
2377 3450 2495 3501 sit.·
2537 3441 2690 3516 ὑμᾶς
2723 3491 2738 3504 ,
2765 3492 2778 3503 .
2804 3491 2818 3505 .

546 3535 708 3599 τινὰς
752 3553 1050 3604 componas
1096 3553 1218 3587 cum
1264 3527 1425 3592 τούς
1470 3529 1603 3598 περὶ
1646 3533 1759 3584 τῶν
1805 3528 2266 3600 στρατευομένων
2302 3525 2492 3594 ἐνίους
2527 3551 2580 3600 p.
2615 3534 2700 3592 31.
2743 3536 2820 3589 15.

546 3625 641 3674 ubi
666 3624 778 3675 vid.
802 3626 917 3672 not.
954 3621 1353 3672 Demosthenes
1391 3634 1495 3684 quo
1522 3633 1757 3669 coronae
1795 3619 2021 3670 auribus
2055 3622 2330 3685 parceret,
2369 3619 2510 3684 quod
2545 3620 2614 3670 de
2653 3621 2819 3671 omni-

544 3707 648 3756 bus
685 3707 903 3756 dixerat
945 3707 1165 3756 videtur
1211 3705 1399 3755 addito
1434 3695 1598 3762 τινὰς
1633 3702 1705 3753 ad
1739 3705 2030 3769 pauciores
2065 3701 2359 3754 retulisse?
2404 3731 2460 3741 —
2497 3704 2607 3766 Qui
2643 3721 2678 3756 a
2711 3707 2820 3756 Do-

546 3793 716 3842 braeo
752 3790 913 3841 allati
946 3795 1075 3840 sunt
1107 3788 1233 3850 loci,
1273 3789 1379 3840 huc
1414 3803 1523 3839 non
1559 3789 1856 3855 pertinent.
1905 3815 1968 3824 —-
2013 3789 2088 3839 At
2121 3790 2428 3840 rectissime
2463 3789 2822 3841 Foertschius

546 3876 847 3943 Comment-
886 3875 957 3924 ad
990 3876 1123 3939 Lys.
1162 3879 1219 3924 et
1251 3875 1411 3925 Dem.
1449 3891 1502 3940 p.
1537 3875 1606 3924 55
1639 3874 1808 3926 haec:
1865 3874 2286 3938 ‘Praeterquam
2322 3873 2463 3939 quod
2497 3873 2704 3924 nullam
2738 3875 2821 3926 vi-

546 3961 649 4012 deo
687 3973 913 4010 causam
934 3999 945 4016 .
1000 3973 1097 4008 cur
1148 3962 1333 4010 orator
1384 3959 1491 4011 hoc
1536 3961 1658 4026 ipso
1700 3961 1758 4009 in
1801 3958 1923 4009 loco
1959 3957 2148 4025 populi
2193 3959 2418 4010 auribus
2451 3974 2821 4026 parcenspro

544 4037 710 4113 ὑμεῖς
744 4043 959 4095 diceret
994 4033 1153 4109 ὑμῶν
1186 4059 1337 4102 τινες
1372 4042 1572 4109 (multa
1607 4045 1750 4095 enim
1787 4044 1914 4102 alia,
1951 4059 2093 4108 quae
2129 4043 2558 4095 Atheniensibus
2595 4044 2822 4096 minime

543 4131 699 4183 laudi
736 4133 911 4192 erant,
948 4127 1016 4180 de
1050 4129 1311 4180 universa
1354 4129 1672 4194 pronuntiat
1715 4127 2113 4194 multitudine),
2151 4129 2320 4179 etiam
2355 4128 2440 4179 illi
2475 4128 2724 4192 codices,
2762 4131 2823 4178 in

546 4217 745 4283 quibus
778 4207 942 4274 τινὰς
978 4214 1239 4280 scriptum
1261 4214 1493 4278 legitur,
1522 4213 1810 4264 deterioris
1834 4217 1962 4264 sunt
1985 4219 2168 4264 notae.
2205 4205 2362 4273 τινός
2385 4230 2421 4265 a
2445 4215 2821 4278 comparativo

546 4301 791 4368 pendens
824 4299 879 4351 h.
916 4299 953 4352 l.
992 4300 1032 4349 i.
1058 4315 1108 4365 q.
1144 4301 1223 4349 alt
1258 4300 1464 4358 einer,
1498 4300 1582 4348 als
1615 4313 1671 4347 es
1705 4299 1887 4348 einer
1921 4313 2018 4348 nur
2049 4313 2176 4363 seyn
2211 4297 2386 4349 'caum'
2453 4299 2541 4349 De
2577 4297 2682 4350 hoc
2717 4313 2822 4348 usu

545 4381 701 4446 τινός
746 4385 781 4436 i.
820 4401 871 4450 q.
917 4377 1073 4443 τινὸς
1123 4379 1223 4434 καὶ
1272 4371 1451 4434 ἄλλον
1486 4381 1687 4446 (ΔΙᾱΒτ
1747 4375 1963 4440 παντὸς
1997 4373 2336 4448 ἀνθρώπου)
2373 4383 2450 4434 cf.
2487 4383 2608 4436 Mid.
2645 4383 2693 4444 5.
2731 4380 2820 4436 66.
