3084 4938
447 336 568 399 176
885 344 910 363 ⁶
1001 352 1450 395 nenosrnsms
1484 354 1725 397 oum-10
1760 356 1844 397 m:
1892 356 2161 399 cenom.

443 508 554 575 καὶ
589 504 1110 599 τριταγῳνιστὴν
1121 501 1172 539 '²²
1208 504 1414 597 ἄκρον
1453 510 1774 597 ἐξέθρεψέ
1788 504 2124 599 σε,23’ἅλλ’
2162 506 2251 593 ὥς
2284 506 2384 583 «5²⁸
2408 512 2719 605 τρὶηραύ-

441 676 600 731 istam
624 684 856 731 statuam
887 682 944 731 et
973 692 1243 733 summum
1275 679 1559 735 tertiarum
1590 681 1825 752 partium
1855 688 2095 737 actorem
2126 684 2437 743 nutrivisse.
2470 683 2563 739 sed
2594 681 2718 739 tihi-

439 893 772 943 Benselerus
811 892 983 955 (Hiat.
1022 908 1074 957 p.
1099 890 1217 953 91):
1260 892 1347 942 ‘At
1386 909 1452 942 ex
1487 896 1742 959 apposito
1778 896 1945 945 verbo
1984 890 2177 961 ἰατρὸς
2215 898 2547 947 coniecerim
2576 896 2713 947 Pho-

441 978 576 1027 tium
613 978 916 1027 orationem
952 976 1019 1025 de
1058 975 1202 1025 male
1239 981 1400 1041 gesta
1434 976 1719 1043 leg-atione
1747 994 1868 1029 cum
1894 996 1969 1029 or.
2010 981 2079 1030 de
2116 997 2321 1039 corona
2356 987 2711 1046 permutasse,

441 1068 498 1113 et
544 1078 609 1112 ex
656 1061 776 1111 loeo
811 1059 1234 1110 Demosthenico
1273 1064 1454 1125 patet,
1501 1062 1591 1111 hic
1628 1078 1737 1113 non
1783 1077 1943 1127 posse
1990 1064 2056 1115 de
2094 1066 2307 1115 medico
2344 1065 2528 1115 Hero‘e
2566 1068 2715 1131 eogi-

437 1148 567 1196 tari.
638 1144 735 1195 illo
784 1144 928 1195 enim
972 1142 1097 1195 loco
1143 1144 1343 1193 dicitur
1385 1144 1679 1196 Aeschinis
1720 1152 1880 1210 pater
1925 1147 2118 1199 literas
2164 1150 2413 1201 docuisse
2460 1144 2602 1214 πρὸς
2637 1148 2717 1215 τρῖ

419 1223 644 1300 ‘'Homon-
677 1228 776 1283 τοῦ
815 1223 1049 1295 ἰατροῦ,
1094 1228 1185 1277 hic
1231 1232 1416 1279 autem
1453 1235 1644 1296 aperte
1680 1233 1858 1297 patris
1893 1232 2222 1283 domicilium
2262 1250 2296 1285 a
2331 1237 2522 1284 matris
2558 1235 2714 1301 lupa—

436 1319 587 1380 nari,
628 1317 695 1367 de
733 1330 837 1381 quo
873 1314 967 1364 hic
1003 1328 1182 1363 sermo
1219 1319 1327 1375 est,
1368 1313 1753 1383 discernitur..
1792 1314 1917 1365 Huc
1955 1317 2195 1381 accedit,
2232 1318 2373 1383 quod
2410 1334 2715 1384 cognomen

435 1400 636 1453 medici
670 1398 990 1465 καλαμίτης
1026 1387 1108 1447 sic
1145 1399 1518 1463 antepositum
1556 1404 1613 1448 et
1648 1400 1787 1449 satis
1824 1401 1957 1450 mire
1996 1401 2287 1452 formatum
2324 1418 2589 1469 quemque
2630 1404 2713 1460 of-

435 1487 641 1540 fendet.
713 1484 942 1535 Rectius
985 1484 1158 1548 igitur
1201 1480 1400 1533 Suidas
1446 1482 1614 1533 dicit:
1651 1482 1994 1551 καλαμίτης,
2032 1480 2235 1549 κύριον
2270 1474 2472 1553 ὄνομα,
2512 1494 2566 1537 et
2602 1487 2713 1537 He-

433 1572 684 1638 sychius:
733 1566 1078 1633 καλαμίτης,
1126 1554 1274 1633 ἥρως
1321 1566 1447 1627 (scr.
1480 1560 1722 1632 Ἡρῷον)
1769 1566 1845 1635 τῷ
1878 1568 2077 1635 κλισίῳ
2112 1568 2369 1636 πλησίον.
2442 1572 2711 1637 Equidem

434 1657 742 1707 censuerim
789 1654 1019 1719 primum
1067 1666 1164 1716 pro
1209 1641 1356 1717 ἥρωϊ
1397 1667 1518 1701 cum
1566 1652 1861 1718 Apollonio
1906 1655 2255 1705 scribendum
2295 1670 2415 1707 esse
2450 1646 2618 1727 ἡρῴῳ
2656 1662 2711 1706 et

431 1739 770 1806 Καλαμίτου
841 1742 936 1788 aut
1003 1737 1346 1786 retinendum
1396 1772 1580 1787 .....
1640 1742 1735 1787 aut
1802 1738 1943 1803 quod
2010 1740 2197 1790 malim
2252 1740 2311 1789 in
2376 1738 2711 1807 Καλαμίδος

433 1827 780 1889 mutandum,
849 1827 912 1873 ut
981 1824 1186 1873 mentio
1253 1821 1350 1871 fiat
1417 1821 1765 1872 celeberrimi
1834 1825 2093 1874 statuarii
2162 1858 2175 1873 .
2222 1861 2234 1873 .
2270 1860 2285 1875 .
2356 1825 2495 1874 Tum
2564 1828 2706 1875 enim

433 1914 638 1979 optime
709 1906 1100 1976 explicabitur,
1185 1906 1324 1970 quod
1353 1918 1419 1961 ,a
1477 1908 1693 1957 nemine
1763 1907 1941 1958 adhuc
1998 1908 2112 1959 vidi
2182 1908 2543 1973 explicatum,
2612 1924 2709 1961 cur

431 1995 833 2048 Demosthenes
877 1993 968 2043 hic
1015 1993 1192 2054 dicat,
1243 1996 1470 2041 matrem
1517 1992 1601 2041 ibi
1644 1992 1940 2043 nutrivisse
1994 1992 2325 2043 Aeschinem
2374 1985 2476 2043 τὸν
2528 1986 2707 2045 καλὸν

430 2071 791 2147 ἅνδριοῖντα]
841 2078 989 2129 Satis
1023 2076 1128 2126 hoc
1166 2075 1501 2140 explicatum
1537 2080 1625 2126 est
1658 2092 1825 2139 more,
1862 2092 2022 2141 quem
2058 2076 2281 2127 tradunt
2314 2076 2459 2128 Bkk.
2494 2078 2705 2129 Anecd.

319 2182 324 2194 ¹
431 2172 673 2217 nostrum
709 2166 886 2215 locum
927 2162 1162 2225 citantis
1188 2158 1401 2227 9⁶:304:
1439 2176 1516 2218 nc
1546 2152 1617 2211 «ἐν
1651 2158 1721 2226 τῇ
1756 2158 2042 2227 συνηθείᾳ
2076 2154 2339 2227 λέγουσιν
2372 2156 2435 2211 οἱ
2465 2156 2704 2228 μητέρες

429 2247 566 2316 περὶ
599 2250 712 2301 τῶν
746 2245 917 2300 υῖῶνε
957 2240 987 2299 ὁ
1025 2240 1235 2304 καλὸς
1269 2236 1575 2307 <indoctis
1605 2260 1742 2309 stov
1776 2250 1831 2295 et
1858 2245 2213 2297 annotatione
2238 2246 2462 2296 Dissen.
2490 2246 2559 2296 ad
2581 2246 2637 2297 h.
2662 2246 2699 2297 l.

427 2337 500 2387 At
535 2337 732 2401 quibus
767 2322 1054 2384 Bense'l'eri
1092 2331 1496 2397 argumentatio
1531 2330 1751 2392 nititur,
1799 2329 1909 2380 loci
1946 2330 2365 2380 Demosthenici
2400 2331 2483 2381 sic
2522 2333 2703 2383 eonci-

427 2422 602 2476 liandi
640 2424 795 2473 sunt:
841 2417 1041 2485 Elpid
1057 2433 1152 2480 as,
1205 2416 1358 2466 euius
1403 2429 1595 2466 servus
1640 2413 1941 2465 Aeschines
1980 2414 2148 2466 fuisse
2184 2416 2412 2478 dicitur,
2452 2415 2522 2465 ad
2558 2416 2701 2465 The-

425 2523 578 2558 seum
614 2505 866 2568 docebat,
906 2502 1281 2554 Aeschines
1321 2507 1528 2564 autem,
1571 2501 1801 2567 primum
1837 2501 1895 2550 in
1919 2499 2152 2566 Elpidae
2188 2501 2381 2552 schola
2416 2515 2575 2566 quum
2604 2501 2698 2551 ad-

425 2593 816 2651 ministrasset,
856 2593 1050 2654 postea
1086 2582 1255 2652 χωρὶς
1291 2579 1468 2637 οἰκοῦν
1503 2585 1741 2636 docebat
1774 2600 1945 2650 prope
1980 2585 2248 2636 Medicum
2285 2583 2509 2636 heroem
2542 2585 2701 2636 habi-

425 2683 579 2739 tans,
619 2675 716 2726 ubi
753 2673 1098 2726 Glaucothea
1133 2687 1360 2737 corpore
1409 2673 1695 2736 quaestum
1733 2668 2063 2720 merebatur.
2133 2671 2329 2720 Fuisse
2366 2686 2495 2722 vero
2530 2671 2699 2722 Athe-

423 2763 511 2812 nis
559 2765 614 2811 et
659 2759 984 2810 Marathone
1032 2755 1388 2820 (Anechkk.
1439 2771 1490 2819 p.
1537 2751 1661 2816 262)
1707 2753 1928 2803 heroem
1971 2753 2276 2820 Medicum,
2337 2755 2699 2806 Grammatici

423 2846 770 2897 tradiderunt
803 2843 1049 2902 Photius‚
1090 2839 1303 2900 Suidas,
1343 2838 1378 2889 l.
1418 2839 1512 2890 cit.
1550 2836 1865 2901 Hesychius
1905 2838 1987 2900 (Τ.
2025 2836 2083 2889 11
2117 2855 2170 2904 p.
2210 2839 2322 2902 12):
2372 2827 2581 2904 Ἰατρὸς
2604 2874 2618 2889 .
2642 2873 2692 2890 ..

419 2921 569 2999 ἥρως
601 2921 906 2997 Ἀθήνησιν
949 2915 1211 2993 ἄρχαῖος.
1279 2921 1423 2972 Bkk.
1471 2922 1679 2972 Aneed.
1716 2939 1769 2987 p.
1808 2921 1925 2980 269,
1964 2928 2019 2972 et
2053 2928 2239 2988 patet,
2277 2925 2327 2975 si
2360 2940 2469 2976 uon
2506 2941 2537 2975 e
2572 2939 2695 2990 pro·

419 3018 600 3084 posito
635 3017 786 3080 loco,
827 3018 976 3063 certe
1023 3027 1052 3062 e
1091 3011 1128 3061 s.
1166 3009 1275 3073 leg.
1313 3009 1358 3068 §-
1395 3004 1514 3056 249.
1588 3006 1983 3072 comparamus
2020 3008 2217 3070 alium,
2266 3009 2375 3060 nisi
2410 3009 2555 3060 idem
2591 3013 2691 3072 est,

417 3102 666 3163 heroem,
724 3081 1392 3159 Ξένον’1ατρόν,οοίιιε
1437 3109 1551 3142 rem
1600 3095 1879 3143 narratam
1924 3093 2159 3159 legimus
2207 3109 2241 3144 a
2274 3095 2527 3145 Lucisne
2571 3093 2693 3145 1.ο.

419 3185 578 3249 Quod
615 3189 800 3236 autem
837 3181 889 3233 h.
926 3181 962 3231 l.
999 3176 1402 3230 Demosthenes
1437 3191 1549 3228 non
1584 3181 1644 3226 ut
1680 3177 1719 3225 f.
1757 3175 1865 3243 leg.
1902 3163 2023 3245 ἥρῳ
2056 3176 2134 3244 τῷ
2161 3169 2371 3246 Ἰατρῷ,
2410 3193 2607 3244 neque,
2644 3179 2693 3230 si

416 3272 562 3322 idem
612 3273 724 3331 est,
773 3265 848 3334 τῷ
891 3260 1055 3331 Ξένῳ
1087 3258 1280 3332 Ἰατρῷ
1325 3261 1489 3326 dixit,
1531 3261 1629 3311 sed
1662 3259 1739 3326 τῷ
1774 3261 2086 3328 καλαμίτῃ,
2134 3263 2169 3314 i.
2211 3279 2257 3313 e.
2298 3265 2390 3329 qui
2427 3264 2691 3315 arundine

416 3355 650 3423 gaudet,
699 3367 802 3418 quo
849 3352 1067 3402 nomine
1115 3351 1352 3402 fortasse
1396 3346 1595 3413 vulgus
1640 3347 1919 3409 utebatur,
1968 3349 2099 3413 quia
2146 3348 2403 3400 aedicula
2449 3363 2516 3400 ea
2562 3347 2691 3398 olim

415 3443 603 3493 stabat
640 3441 699 3490 in
737 3437 1023 3503 arundine,
1062 3435 1120 3486 in
1156 3434 1277 3485 loco
1313 3432 1567 3498 palustri,
1606 3431 1892 3483 cavillatio
1928 3447 2049 3483 esse
2074 3432 2309 3496 videtur,
2348 3434 2477 3499 quia
2512 3449 2689 3484 mere·

415 3527 588 3577 trices
623 3523 989 3576 Athenienses
1024 3517 1094 3586 τῇ
1126 3510 1428 3585 Ἀφροδίτῃ
1460 3515 1534 3584 τῇ
1570 3509 1633 3570 ἐν
1668 3510 1945 3584 καλάμοις
1980 3518 2038 3567 in
2074 3518 2237 3568 Samo
2273 3517 2459 3569 insula
2496 3519 2689 3569 aedem

327 3600 336 3659 ι’
415 3611 809 3662 dedicaverant
845 3607 1061 3671 (Athen.
1100 3605 1252 3668 XIII,
1291 3602 1354 3654 31
1392 3618 1450 3669 p.
1484 3602 1586 3654 573
1618 3601 1727 3666 R),
1768 3619 1941 3669 eaque
1976 3603 2082 3654 dea
2118 3603 2501 3654 arundinetum
2535 3606 2687 3652 tene·

315 3731 322 3743 .
413 3711 530 3746 rum
568 3694 792 3745 amabat
829 3691 1129 3756 (Theocrit.
1167 3687 1330 3753 Idyll.
1357 3685 1424 3738 28
1459 3703 1540 3738 vs.
1579 3689 1629 3739 4.
1668 3688 1741 3738 cf.
1780 3687 1963 3738 Strab.
1988 3686 2171 3750 XVII,
2211 3685 2243 3738 3
2276 3689 2326 3750 §-
2352 3685 2419 3737 20
2452 3703 2504 3753 p.
2542 3685 2685 3750 836).

412 3777 710 3830 Koechlius
757 3777 1065 3842 acquiescit
1109 3775 1164 3824 in
1199 3773 1445 3824 Dissenii
1496 3771 1897 3838 explicatione,
1948 3773 2039 3838 qui
2085 3773 2253 3822 etiam
2288 3771 2447 3822 nobis
2482 3772 2685 3838 partim

411 3864 668 3931 praeivit.
773 3861 859 3924 20)
897 3851 1040 3927 ἥρωι
1073 3858 1222 3924 vulg.
1292 3859 1367 3907 At
1399 3857 1511 3908 vid.
1548 3857 1793 3908 Lobeck.
1832 3856 1903 3907 sd
1938 3856 2231 3922 Phrynich.
2267 3873 2321 3923 p.
2360 3855 2476 3906 158.
2524 3855 2684 3906 Illius

407 3951 515 4002 viri
551 3947 854 3999 doctissimi
889 3948 1243 4011 praeceptum
1283 3941 1432 3992 clare
1469 3941 1821 3993 eonfirmatur
1844 3957 1879 3992 s
1903 3939 2285 3994 Choerobesco
2326 3957 2378 4006 p.
2416 3939 2534 4000 258,
2572 3939 2695 4006 qui„

405 4039 692 4104 postquam
741 4030 1068 4098 explicavit,
1114 4044 1212 4080 eur
1255 4025 1462 4091 (vulgo)
1507 4015 1657 4092 ἥρωϊ
1688 4026 1930 4088 dicatur,
1979 4025 2058 4076 sic
2094 4025 2302 4091 pergit:
2364 4019 2444 4076 Οἱ
2486 4021 2679 4090 μέντοι

405 4112 637 4172 Ἀττικοὶ
663 4109 866 4184 ἐπειδὴ
905 4106 1286 4177 ἰσοσυλλάβως
1319 4109 1617 4161 πλύνουσιν
1652 4103 1779 4160 οἷον
1816 4100 1847 4160 ὁ
1880 4099 2032 4175 ἥρως
2066 4109 2169 4161 τοῦ
2188 4099 2325 4176 ἥρω,
2367 4111 2463 4172 (cf.
2490 4109 2673 4160 Anecd

403 4207 550 4256 Bkk.
589 4221 640 4269 p.
680 4201 809 4252 1197
845 4201 942 4252 lin.
979 4198 1034 4262 6)
1069 4194 1170 4249 καὶ
1192 4190 1300 4263 τὴν
1335 4187 1572 4260 δοτικὴν
1606 4188 1690 4252 εἰς
1724 4211 1747 4244 ι
1780 4187 2193 4261 α’νεκφῶνητον
2236 4193 2504 4246 ποιοῦσιν
2548 4186 2677 4244 οἷον

403 4290 480 4354 τῷ
513 4279 652 4354 ἥρῳ.
727 4276 898 4352 ‘'Hocp
940 4277 1318 4349 Λαομέδοντι*
1390 4279 1569 4343 (Iliad.
1612 4279 1675 4330 H
1702 4295 1783 4331 vs.
1818 4279 1941 4342 453)
1978 4275 2079 4330 καὶ
2124 4270 2295 4343 (Ἡρῳ
2339 4270 2673 4343 Δημοδόκῳ

404 4373 526 4434 (ΟιῙ.
567 4371 618 4421 Θ
661 4387 742 4422 vs.
791 4371 932 4434 483).
1017 4371 1188 4421 Recte
1237 4367 1408 4432 igitur
1451 4358 1755 4416 Mehlhorh.
1808 4365 1899 4415 Gr.
1940 4381 1989 4430 p.
2024 4365 2125 4414 222
2162 4361 2439 4415 intellexit
2472 4363 2673 4413 Moeri-
