3084 4938
428 948 477 992 15

511 354 634 417 252
1069 370 1520 413 neuosrmmm
1555 370 1793 412 οιιΑΤιο
1827 372 1912 411 m:
1944 370 2246 413 cenom:

511 520 672 613 πρὸς
707 520 872 605 Διὸς
921 526 1232 615 ἑωρῶμεν
1275 520 1360 596 ἂν
1403 522 1560 606 τοὺς
1608 520 1737 606 εἰςῖ
1782 522 1906 614 τὴν
1948 523 2145 595 πόλιν
2188 520 2597 615 ἀνθρώπους
2630 521 2782 614 ἀφι-

513 627 942 715 κνουμένους,
973 634 1035 697 εἰ
1066 624 1148 697 τὰ
1181 624 1330 716 μὲν3
1366 622 1700 716 πράγματ’
1732 634 1825 708 εἰς
1858 624 2021 717 ὅπερ
2057 628 2213 697 νυνὶ
2250 622 2609 715 σιἐριέστη,’ι
2637 622 2784 715 ἡγε-

510 724 655 817 μών
705 722 814 797 δὲ5
861 730 972 797 καὶ
1018 727 1244 818 κύριος
1290 723 1504 819 ᾑρέθη
1556 736 1885 809 Φίλιππος
1932 724 2279 814 ἁπάντων,
2329 726 2447 798 τὸν
2498 726 2561 798 δ’
2612 724 2785 817 ὑπὲρ

511 835 629 899 τοῦ
673 827 763 918 μὴ
808 832 1124 917 γενέσθαι
1168 827 1361 901 ταῦτ’
1410 826 1620 918 ἀγῶν’
1669 824 1915 919 .““·Ξ”τεροι.6
1964 832 2163 920 χωρὶς
2196 824 2429 919 ὑμῶν’
2464 820 2637 918 ἦσαν
2672 858 2783 899 πε-

511 924 913 1020 ποιημεένοι,8
957 934 1068 1001 καὶ
1117 936 1325 1003 ταῦτα
1359 929 1795 1021 μηδεπώποτε
1828 935 1944 1020 τῆς
1980 929 2233 1013 πόλεως
2271 934 2344 1001 ἐν
2376 948 2513 1013 τοῖς
2549 938 2784 1021 ἔμπρο-

513 1134 687 1190 oculis
730 1134 1161 1209 adspexissemus
1204 1136 1449 1210 hospites
1494 1139 1546 1191 in
1580 1143 1819 1193 nostram
1852 1136 2039 1205 urbem
2070 1136 2423 1197 ventitantes,
2468 1136 2513 1191 si
2544 1152 2634 1191 res
2668 1137 2788 1209 qui·

513 1218 632 1273 dem
663 1235 756 1280 eo,
802 1236 910 1293 quo
941 1238 1113 1281 nunc.
1157 1220 1474 1283 rediissent,
1519 1222 1623 1277 dux
1656 1230 1835 1277 autem
1867 1228 1922 1277 et
1952 1220 2202 1276 dominus
2234 1223 2471 1277 omnium
2503 1220 2785 1293 Philippus

513 1311 662 1359 esset
703 1311 919 1361 creatus
938 1348 952 1367 ,
997 1304 1294 1377 alii-autem
1327 1308 1443 1361 sine
1471 1306 1625 1363 vobis
1656 1314 1929 1363 certamen
1960 1305 2025 1362 ad
2056 1322 2117 1361 ea
2148 1304 2481 1379 prohibenda
2512 1303 2787 1377 suscepis-

515 1396 662 1451 sent,
705 1392 1028 1461 praesertim
1071 1406 1238 1463 quum
1284 1390 1661 1464 superioribus
1706 1390 2045 1465 temporibus
2086 1389 2393 1463 respublica
2434 1397 2619 1445 nostra
2651 1406 2791 1443 nun·

511 1602 645 1654 erit.
679 1620 736 1669 p.
773 1603 871 1655 13:
943 1603 1370 1656 SchaeferuS.
1444 1606 1538 1657 Sic
1586 1606 1909 1657 iudicabant
1952 1606 2197 1655 rhetores
2244 1602 2573 1669 particulam
2610 1602 2785 1653 incul-

510 1694 719 1739 cantes·
825 1688 910 1752 14)
971 1704 1034 1753 γε
1079 1706 1166 1739 om
1211 1690 1262 1739 k.
1299 1690 1455 1741 Palz.
1514 1718 1585 1727 --
1642 1690 1829 1740 Habet
1872 1688 2204 1755 particulam
2247 1694 2372 1754 post
2418 1679 2555 1753 ἐμοῦ
2590 1687 2785 1738 Vind5.

512 1772 595 1835 15)
633 1772 906 1839 μηδαμοῦ
943 1774 1093 1825 Man.

643 1858 782 1914 201.
860 1857 906 1922 l)
945 1860 1090 1908 τοῖσι
1125 1860 1260 1908 Mor.
1335 1858 1589 1909 Correxit
1645 1857 1961 1908 Lambinus.
2066 1856 2119 1921 2)
2156 1849 2297 1921 πρὸς
2330 1856 2380 1906 k.
2417 1854 2589 1921 Auget.
2628 1854 2786 1905 Pale.

508 1940 562 2005 3)
622 1935 729 2007 μὲν
789 1958 873 1992 om
910 1959 975 2007 pr
1007 1940 1086 1995 Ω.
1124 1960 1171 1993 u.
1209 1960 1254 1993 υ.
1293 1942 1465 2008 Augai.
1505 1941 1701 1993 Vind3.
1740 1944 1787 1992 5.
1850 1944 1995 1992 Man.
2058 1942 2197 2007 Ang.
2301 1938 2361 2005 4)
2420 1934 2787 2005 περιέστηκεν

505 2025 680 2091 Augl.
718 2025 768 2075 k.
807 2043 852 2075 r.
891 2043 934 2076 s.
973 2024 1158 2075 Guelf.
1195 2026 1390 2076 Vindl.
1426 2026 1581 2077 Pal2.
1622 2054 1685 2062 —
1722 2020 1965 2091 προέστη
2002 2026 2173 2091 Aug4.
2312 2026 2365 2087 5)
2406 2018 2470 2075 δὲ
2507 2040 2593 2074 om
2628 2026 2783 2083 Mor„

505 2114 568 2159 ut
603 2108 734 2158 mihi
771 2110 1017 2173 videtur,
1066 2110 1230 2175 culpa
1267 2126 1581 2175 operarum,
1634 2126 1803 2176 quare
1839 2110 2140 2161 Lambinus
2178 2110 2479 2160 revocavit.
2555 2108 2787 2158 ‘Dubito

507 2184 792 2258 vulgatam
827 2210 1020 2243 sanam
1068 2210 1209 2244 esse.
1280 2194 1498 2245 scilicet
1533 2200 1807 2245 oratorem
1846 2196 1927 2245 sic
1966 2196 2254 2260 scripsisse
2291 2194 2566 2259 suspicor:
2627 2206 2782 2254 περι-

509 2271 639 2342 έστη
691 2273 811 2327 καὶ
858 2268 1083 2345 ἡγεμών
1127 2274 1226 2329 καὶ
1271 2272 1486 2343 κύριος.
1556 2281 1794 2329 Primum
1844 2281 1987 2330 enim
2032 2273 2095 2329 τὸ
2145 2277 2433 2329 Φίλιππον
2468 2270 2785 2342 αἶρε-’θῆναι

507 2352 762 2425 ἡγεμόνα
799 2359 897 2413 καὶ
932 2354 1134 2427 κύριον
1167 2355 1441 2413 ἁπάντων
1477 2364 1717 2430 pertinet
1744 2365 1813 2414 ad
1836 2363 1989 2414 illam
2027 2364 2204 2430 ipsam
2241 2378 2419 2413 rerum
2456 2362 2788 2426 περίστασιν

508 2450 700 2512 estque
747 2446 865 2498 eius
909 2450 1187 2514 tamquam
1233 2464 1465 2512 summa,
1517 2454 1577 2501 ut
1620 2449 1725 2501 hoc
1772 2448 2068 2500 membrum
2118 2447 2498 2499 antecedentis
2537 2447 2790 2497 videatur

505 2533 908 2597 interpretatio,
950 2548 1090 2598 quae
1128 2533 1213 2583 illi
1251 2534 1628 2585 continuanda
1663 2535 1734 2584 eit
1769 2551 1869 2600 per
1905 2533 2251 2600 copulantem
2290 2532 2635 2599 particulam,
2676 2547 2788 2582 non

508 2616 812 2668 dirimenda
847 2634 948 2683 per
980 2619 1329 2684 partientem.
1399 2619 1617 2669 Deinde
1644 2619 1930 2684 aliquanto
1966 2617 2374 2683 significantius
2410 2619 2557 2666 inter
2590 2631 2653 2668 se
2690 2633 2785 2681 op-

507 2705 781 2767 ponuntur
825 2701 1122 2765 (estenim
1167 2704 1260 2754 hie
1308 2705 1584 2770 oppositio
1631 2704 1769 2754 satis
1814 2702 2133 2766 manifesta)
2183 2703 2305 2754 sola
2346 2701 2489 2752 hacc
2535 2700 2665 2751 duo:
2713 2693 2787 2751 τοὶ

506 2779 614 2852 μὲν
667 2779 972 2852 πράγματα
1011 2823 1024 2839 .
1060 2825 1074 2839 .
1111 2825 1124 2838 .
1165 2787 1447 2846 Φίλιππος
1491 2783 1753 2850 πάντων,
1801 2781 1902 2839 τὸν
1947 2777 2007 2838 δ’
2046 2825 2057 2837 .
2088 2826 2101 2838 .
2129 2824 2142 2837 .
2192 2774 2342 2852 ἦσαν
2386 2781 2783 2852 πεποιημένοι.

509 2872 626 2922 Iam
664 2877 920 2938 apparet,
971 2889 1110 2938 quae
1147 2875 1220 2934 sjt
1254 2873 1406 2939 origo
1445 2875 1621 2940 inepti
1669 2872 1818 2923 illius
1853 2865 2235 2938 περιέστηκεν.
2308 2871 2467 2933 Quae
2520 2871 2665 2920 enim
2702 2874 2789 2920 tot

507 2956 634 3008 aliis
666 2955 808 3012 locis
846 2956 978 3018 (vid.
1015 2957 1254 3008 Brunck.
1293 2959 1364 3008 ad
1399 2957 1647 3023 Apollon.
1685 2957 1787 3007 Rh.
1812 2959 1906 3008 IV.
1948 2955 2093 3007 1418.
2132 2955 2251 3008 Ind.
2293 2956 2362 3006 ad
2398 2953 2581 3006 Schol.
2620 2954 2785 3021 Apol-

506 3039 614 3090 lon.
651 3056 704 3105 p.
741 3038 842 3090 666
869 3057 918 3090 a.
989 3041 1060 3091 Η.
1107 3041 1369 3106 Stephan-
1417 3041 1583 3092 Thes.
1632 3058 1683 3092 c.·
1720 3039 1851 3092 1990
1888 3041 1995 3104 G.)‚
2036 3040 2228 3091 eadem
2265 3040 2357 3090 hic
2392 3040 2611 3090 videtur
2644 3039 2789 3088 obti-

505 3125 693 3174 nuisse
732 3126 1083 3176 commutatio
1119 3125 1512 3191 particularum
1549 3122 1647 3177 καὶ
1686 3130 1741 3176 et
1774 3141 1891 3176 κεν.
1942 3127 2031 3176 Ita
2070 3139 2232 3192 quum
2269 3125 2529 3191 periisset
2566 3121 2783 3189 copula,

505 3225 574 3260 ne
613 3209 952 3260 constructio
987 3211 1191 3274 hiaret‚
1245 3203 1310 3260 δὲ
1355 3216 1477 3277 post
1521 3204 1749 3276 ἡγεμών
1783 3205 1890 3262 non
1926 3213 2043 3262 sine
2082 3225 2273 3260 sensus
2309 3210 2505 3260 damno
2542 3211 2787 3258 inserue-

506 3291 670 3348 runt.’
721 3293 975 3346 Schaef
986 3311 1014 3345 e
1029 3309 1155 3345 rus.
1229 3293 1360 3346 ‘Sed
1395 3295 1500 3345 hoc
1539 3297 1847 3360 quaeritur,
1886 3300 2066 3346 utrum
2104 3295 2301 3360 prioris
2338 3295 2566 3344 membri
2600 3298 2789 3358 partes

506 3381 646 3432 duae
706 3373 762 3431 εἰ
801 3372 872 3430 τὰ
919 3372 1025 3445 μὲν
1062 3417 1076 3430 .
1107 3419 1117 3429 .
1148 3418 1159 3429 .
1199 3375 1463 3445 περιέστη
1511 3386 1570 3430 et
1612 3371 1842 3446 ἡγεμών
1879 3417 1891 3429 .
1929 3393 1959 3430 .·
1983 3417 1995 3430 .
2042 3371 2317 3430 ἁπάντων
2362 3377 2785 3444 coniungendae

505 3467 822 3516 necessario
859 3466 972 3515 sint
1005 3481 1104 3530 per
1137 3463 1235 3518 καὶ
1274 3466 1415 3530 quod
1447 3469 1653 3516 vocant
1690 3456 2055 3531 ἐξηγητικόν,
2096 3479 2166 3513 an
2200 3463 2414 3528 possint
2446 3462 2620 3514 verba
2652 3451 2789 3528 ἦγε-

505 3543 628 3614 μών
677 3544 742 3601 δὲ
781 3585 794 3600 .
822 3589 834 3602 .
863 3587 876 3600 .
915 3541 1192 3600 ἁπάντων
1238 3549 1512 3614 prioribus
1561 3551 1748 3615 aliqua
1794 3565 1859 3599 ex
1904 3553 2063 3615 parte
2110 3563 2230 3599 esse
2276 3549 2549 3613 opposita.
2620 3547 2687 3596 In
2734 3539 2791 3596 el

505 3626 575 3684 τὰ
614 3627 722 3699 μὲν
755 3629 1064 3700 πράγματα
1089 3671 1102 3684 .
1132 3671 1144 3684 .
1177 3671 1189 3683 .
1217 3627 1480 3698 περιέστη
1515 3634 1607 3685 hic
1644 3636 1828 3685 inesse
1852 3634 2069 3686 videtur
2104 3647 2323 3682 sensus:
2357 3633 2405 3681 si
2439 3649 2584 3698 quum
2619 3645 2790 3682 omnes

510 3719 698 3768 Graeci
729 3726 826 3768 tum
861 3721 1011 3769 etiam
1046 3718 1382 3771 Athenienses
1415 3717 1651 3771 libertate
1684 3721 1874 3784 privati
1906 3721 2038 3769 alius
2073 3717 2331 3768 cuiusdam
2366 3717 2663 3766 auctoritati
2688 3731 2789 3780 pa-

505 3817 624 3853 rere
661 3805 828 3853 coacti
861 3811 1045 3855 essent.
1115 3803 1240 3854 Hac
1276 3819 1407 3855 vero
1443 3805 1723 3856 sententia
1757 3805 1977 3856 etiamsi
2013 3805 2125 3852 iam
2162 3787 2548 3852 continebatur
2580 3799 2790 3865 Philip-

429 3888 434 3902 '
505 3903 632 3953 pum
669 3901 912 3937 summae
947 3903 1125 3938 rerum
1165 3903 1286 3940 esse
1323 3890 1613 3954 dominum,
1652 3895 1911 3956 poterant
1934 3895 2119 3938 tamen
2142 3887 2289 3936 inter
2322 3901 2383 3936 se
2420 3884 2622 3950 opponi
2655 3883 2789 3934 hinc

507 3973 846 4023 Graecorum
890 3987 1007 4038 res,
1058 3972 1212 4024 illinc
1249 3973 1520 4040 Philippi,
1570 3979 1630 4025 ut
1662 3975 1720 4024 in
1755 3974 1861 4024 hac
1897 3973 2135 4038 partium
2172 3970 2518 4036 oppositione
2556 3968 2789 4018 offensio

506 4058 659 4108 nulla
703 4062 867 4108 esset.
937 4058 1263 4109 Accuratius
1312 4059 1555 4124 quidem.
1604 4058 1701 4108 sed
1747 4058 1921 4107 minus
1966 4061 2123 4120 grate
2170 4055 2426 4106 dixisset:
2490 4047 2545 4105 εἰ
2577 4045 2683 4118 μὲν
2717 4045 2788 4102 τοὶ

503 4135 612 4208 μὲν
657 4134 962 4209 πράγματα
999 4179 1012 4192 .
1052 4179 1064 4192 .
1103 4181 1118 4194 .
1165 4137 1468 4208 περιέστη)
1540 4141 2184 4192 Rauchensteinius
2227 4141 2264 4190 l.
2315 4156 2363 4190 c.
2400 4138 2484 4190 39.
2552 4140 2639 4188 De
2668 4138 2790 4188 ·hoc

505 4243 608 4278 usu
632 4228 963 4293 ,particulae
1007 4222 1116 4292 μὲν
1161 4227 1431 4294 simplicis
1467 4243 1566 4292 pro
1603 4226 1689 4276 bis
1722 4226 1907 4292 posita
1942 4225 2053 4278 vid.
2090 4225 2339 4275 Scheibii
2374 4223 2693 4275 Observatt.
2730 4222 2794 4273 in

505 4316 666 4363 oratt.
702 4313 919 4364 Atticos
955 4330 1006 4378 p.
1043 4311 1112 4362 20
1147 4329 1226 4377 sq.
1331 4311 1384 4376 6)
1423 4305 1612 4375 ἕτεροί
1642 4325 1793 4368 τινες
1829 4309 2143 4374 Dionysius.
2250 4309 2301 4372 7)
2338 4299 2505 4375 ἡμῶν
2536 4306 2685 4373 vulg.
2728 4330 2785 4341 —

503 4385 666 4462 ὑμῶν
699 4399 769 4450 Σ.
805 4397 1014 4450 Laui-S.
1175 4396 1230 4462 8)
1265 4387 1430 4464 ἡμῶν
1465 4388 1747 4460 ἐποίησαν
1782 4395 1889 4446 cod
1923 4394 1966 4456 ζ.
2298 4397 2307 4406 “
