3084 4938
798 370 1241 414 nuncsi-mnus
1272 372 1371 413 oa.
1406 372 1489 411 nn
1518 370 1720 413 ι-ἈιΒΑ
1747 372 2130 414 LEGATIONE.
2477 360 2595 423 441

328 525 453 600 δύο
490 522 821 607 καλούσας
867 519 1075 615 ὑμᾶς,
1112 519 1239 614 οὐχ
1286 519 1379 595 ἵν’
1422 518 1771 613 ἐξέλθητε.1
1845 520 2190 615 πώμαλα,2
2223 522 2306 597 οὗ
2352 524 2480 615 γὰρ
2515 524 2600 599 ἄν

324 656 485 700 ποτε
527 625 683 708 τούς
727 624 1007 717 χρόνους
1052 620 1375 714 nivel-aiv?
1412 629 1483 697 ἐν
1528 622 1631 707 οἷς
1668 622 2084 717 ἠδυνήθητ’4
2121 622 2206 698 ἂν
2243 624 2602 717 ἐξελθεῖν,·”

323 724 669 819 τηνικαῦτ’
723 727 973 817 ἐκάλει,
1020 722 1175 799 οὐδ’
1212 722 1301 798 ἂν
1336 726 1481 817 ἐμὲ,
1531 723 1733 817 ἡνίκα
1779 726 1971 819 δεῦρ’
2009 725 2376 801 ἄποπλεῑν“
2412 734 2600 819 ἐβου-
2633 766 2659 805 ι

326 831 567 923 λόμην,
605 829 1061 921 κατεκώλυεν,
1097 825 1261 901 οὐδὲ
1294 823 1604 901 τοιαῦταῚ
1639 832 1860 921 λέγειν
1892 829 2110 926 τούτῳ
2144 835 2598 925 προςέταττεν,

1396 964 1449 1007 o

328 1054 469 1112 quae
496 1038 792 1094 invitabant
810 1054 922 1099 vos,
954 1054 1062 1094 non
1098 1044 1157 1092 ut
1186 1037 1423 1091 exiretis.
1470 1035 1744 1109 quomodo
1777 1036 2024 1093 tandem?
2055 1052 2231 1112 neque
2253 1038 2410 1099 enim.
2434 1054 2600 1112 quum

329 1131 572 1197 tempora
617 1121 956 1183 sustulisset.
1000 1122 1199 1196 quibus
1228 1122 1373 1178 exire
1400 1118 1752 1195 posuissetis,
1795 1129 1910 1177 tum
1942 1120 2156 1178 demum
2186 1132 2459 1185 vocasset,
2505 1140 2604 1179 nec

246 1206 253 1214 '
330 1224 414 1263 me
458 1208 560 1265 Ιιιιο
601 1209 976 1282 navigaturum
1028 1206 1379 1269 detinuisset,
1422 1220 1522 1265 nec
1565 1206 1690 1265 talia
1732 1207 1896 1266 istum
1939 1206 2097 1267 verba
2127 1207 2305 1266 facere
2333 1208 2601 1271 iussisset.

462 1444 563 1499 51.
642 1442 686 1505 1)
748 1432 1019 1507 ἐξέλθητε
1077 1454 1263 1492 omnes
1314 1440 1444 1490 libri
1500 1445 1557 1490 et
1606 1441 1877 1507 Harpoer.
1932 1442 2082 1492 Suid.
2138 1458 2181 1492 s.
2219 1459 2269 1497 v,
2327 1438 2598 1509 Πῶμαλα.

327 1532 550 1593 praeter
586 1528 806 1593 Appfr.‚
856 1526 999 1577 unde
1040 1525 1211 1587 AldV,
1258 1527 1317 1575 in
1366 1524 1561 1589 quibus
1609 1525 1898 1576 exhibetur
1935 1518 2240 1589 ἐξέλθοιτε,
2282 1528 2420 1593 qnod
2455 1530 2600 1579 Bek-

326 1612 493 1664 kerus
529 1612 759 1678 recepit.
806 1611 1027 1663 Dudum
1052 1610 1269 1676 quidem
1294 1626 1403 1661 non
1429 1611 1690 1677 ignorant
1715 1611 2056 1663 Graecitatis
2090 1612 2257 1678 periti
2291 1611 2396 1663 viri
2434 1614 2600 1663 etiam

327 1698 679 1749 coniunctivo
726 1698 904 1748 locum
950 1710 1073 1747 esse
1109 1698 1235 1761 poet
1266 1692 1381 1745 ἴνα
1417 1699 1475 1746 et
1509 1684 1661 1755 ὅπως
1698 1712 1732 1746 a
1766 1696 2056 1761 praeteriti
2089 1697 2260 1749 verbo
2296 1697 2602 1762 pendentes

328 1783 765 1833 coniunctiones.
838 1781 925 1831 Cf.
962 1782 1043 1842 §5-
1088 1779 1130 1830 1.
1170 1778 1253 1829 76.
1289 1780 1405 1833 324.
1446 1780 1570 1831 Cor.
1607 1782 1656 1842 §-
1689 1778 1785 1830 189
1820 1786 1931 1831 not.
1974 1780 2052 1831 17.
2093 1780 2316 1845 Olynth.
2355 1782 2410 1831 11
2445 1784 2492 1845 ὅ.
2515 1782 2598 1831 ⁶24.

327 1868 453 1919 adv.
490 1866 707 1917 Phorm.
746 1868 796 1929 S.
834 1867 919 1917 21.
978 1866 1189 1932 Aphob.
1228 1866 1253 1915 1
1304 1867 1351 1927 S.
1388 1864 1473 1917 65.
1534 1865 1748 1931 Aphob.
1785 1866 1840 1917 11
1877 1867 1926 1927 S.
1968 1865 1990 1915 1
2033 1870 2140 1917 ete.
2210 1867 2284 1917 At
2333 1866 2438 1917 hoc
2493 1882 2602 1917 non
2689 1866 2696 1871 ’

328 1952 485 2003 valet
522 1953 591 2003 ad
625 1951 912 2017 vulgatam
946 1952 1002 2001 h.
1038 1951 1076 2001 l.
1122 1949 1417 2002 lectionem
1454 1950 1820 2016 probandam,
1869 1951 1996 2015 quia
2033 1952 2269 2015 optativi
2306 1954 2604 2018 sequuntur

324 2034 695 2102 ψηφίσαισθε
734 2040 839 2089 etc.
909 2037 1173 2088 Attamen
1218 2037 1385 2087 etiam
1432 2036 1708 2087 coniuncti
1756 2035 1815 2085 hi
1851 2035 2022 2097 modi,
2061 2036 2342 2101 optativus
2381 2038 2438 2086 et
2473 2051 2600 2086 con-

326 2121 623 2185 iunctivns,
662 2137 695 2170 a
730 2118 899 2172 verbo
938 2122 1199 2187 temporis
1234 2121 1527 2187 praeteriti
1572 2120 1878 2186 pendentes
1915 2120 2285 2170 inveniuntur.
2355 2120 2602 2185 Thucyd.

324 2207 481 2269 VIII,
528 2204 625 2269 87,
662 2205 723 2257 3:
784 2198 844 2257 οἱ
888 2198 995 2271 μὲν
1040 2198 1151 2271 γάρ
1195 2206 1337 2270 (scil.
1376 2202 1728 2267 εἰκάζουσιν,
1776 2193 1862 2256 ὅτι
1903 2200 2302 2271 Τισσαφέρνης
2335 2202 2604 2272 παρῆλθε

324 2285 489 2357 μέχρι
524 2280 874 2355 Ἀσπένδου),
917 2288 1016 2342 ἴνα
1053 2288 1323 2357 διατρίβῃ
1357 2282 1662 2353 ἀπελθόν,
1699 2278 1883 2354 ὥςπερ
1916 2286 2018 2341 καὶ
2043 2284 2350 2356 διενοήθη,
2386 2284 2456 2342 τὰ
2491 2288 2605 2341 τοῖν

326 2374 809 2442 Πελοποννησίων
853 2402 919 2411 -
962 2401 1053 2439 -,
1115 2368 1176 2425 οῖ
1220 2370 1312 2438 δέ,
1365 2371 1463 2425 ἵνα
1510 2367 1645 2434 τοὺς
1681 2372 1956 2433 Φοίνικας
2005 2368 2350 2441 προαγαγών
2395 2366 2453 2435 ἐς
2497 2367 2606 2443 τὴν

312 2449 627 2512 ’Ἄσπενδον
671 2452 1145 2527 ἔκχρηματίσαιτο
1190 2448 1366 2526 ἀφείς
1402 2485 1467 2496 --
1504 2485 1598 2523 —,
1643 2448 1806 2510 ἄλλοι
1853 2450 1914 2510 δ’
1965 2450 2041 2520 ὥς
2087 2457 2375 2527 καταβοῆς
2412 2454 2598 2512 ἕνεκα.

328 2546 415 2597 Cf.
452 2546 591 2597 ibid.
626 2546 737 2610 111,
776 2546 844 2596 22
880 2548 929 2607 S.
966 2543 1000 2596 3
1042 2545 1177 2612 ibiq.
1225 2545 1493 2611 Krueger.
1565 2545 1760 2607 ltaque
1809 2545 2195 2596 coniunctivus
2237 2545 2342 2596 boc
2390 2561 2599 2611 qnoque

323 2630 449 2681 1000·
495 2630 773 2682 adhibitus
821 2635 907 2682 est
951 2647 982 2681 ο
1026 2635 1209 2681 mente
1246 2629 1515 2696 Philippi,
1569 2630 1698 2696 quid
1733 2645 1830 2680 rex
1867 2635 1998 2680 tuno
2035 2629 2359 2694 intenderit,
2399 2617 2602 2695 (ὥςπερ

327 2708 639 2782 διενοήθη,
686 2721 749 2765 ut
781 2715 1121 2780 Thucydidis
1167 2715 1353 2766 verbis
1388 2714 1563 2779 utar);
1612 2715 1848 2781 optativi
1883 2715 1945 2766 in
1981 2714 2157 2765 altero
2193 2715 2436 2766 membro
2472 2721 2600 2766 sunt

324 2800 653 2866 simpliciter
688 2800 967 2850 narrantis
1002 2802 1255 2852 oratoris.
1314 2799 1453 2850 Vide
1488 2801 1557 2852 de
1593 2800 1699 2852 boc
1733 2815 1838 2851 usu
1869 2800 2173 2851 Bernhard.
2213 2798 2364 2864 Synt.
2403 2816 2456 2865 p.
2485 2799 2602 2864 401,

324 2884 633 2936 Baeumlin.
672 2886 911 2934 Gramm.
946 2885 996 2946 ξ.
1032 2883 1153 2936 598.
1192 2909 1251 2921 ·—-
1290 2885 1378 2938 cf.
1416 2885 1565 2936 infra
1599 2887 1648 2948 §-
1686 2885 1768 2937 52.
1907 2885 1961 2948 2)
2020 2877 2290 2950 πόμαλας
2351 2885 2432 2935 sic
2480 2899 2602 2936 cum

326 2969 705 3035 interrogandi
739 2971 896 3034 signo
932 2969 1247 3036 scripsimus
1284 2971 1586 3022 Schaet'ero
1633 2971 2095 3036 obtemperantes.
2167 2970 2367 3021 ‘Recte
2397 2955 2604 3036 ,procul
2698 2991 2710 3004 ·

326 3055 509 3118 dubio,
547 3057 595 3105 si
633 3055 705 3106 ad
736 3054 1005 3120 originem
1040 3060 1378 3121 spectemus,
1418 3056 1515 3108 sed
1553 3072 1714 3123 quum
1743 3055 2105 3107 Grammatici
2142 3061 2459 3108 constanter
2490 3060 2603 3107 tra-

326 3141 463 3191 dant
496 3130 609 3206 ὖφ’
640 3131 711 3190 ἓν
743 3129 1300 3206 ἀναγιγνώσκεσθαι,
1340 3141 1499 3192 simul
1526 3146 1752 3208 propter
1771 3141 1948 3191 locum
1975 3141 2180 3206 Lysiae
2220 3157 2251 3192 a
2278 3141 2451 3192 Suida
2484 3155 2528 3197 s.
2549 3157 2603 3194 v.

326 3230 700 3289 memoratum,
742 3225 809 3276 de
844 3225 951 3277 hoc
991 3217 1211 3292 ἐπέχω)
1283 3225 1608 3278 Shilleto.
1677 3225 1752 3279 At
1785 3225 1891 3276 boc
1937 3216 2048 3292 ὑφ’
2082 3219 2151 3277 ἓν
2183 3217 2602 3292 ἀναγιγνώσκε-

328 3310 471 3362 σθαι
506 3325 615 3362 non
652 3312 898 3377 pertinet
933 3312 1003 3363 ad
1041 3313 1354 3362 sententiae
1390 3314 1653 3374 tenorem,
1695 3325 1800 3377 quo
1835 3311 1994 3360 modo
2030 3311 2230 3375 Lysias
2267 3311 2370 3362 hoc
2409 3311 2605 3362 adver-

325 3395 475 3446 bium
522 3396 665 3462 apud
712 3395 935 3446 Suidam
980 3397 1356 3463 usurpaverit,
1404 3396 1501 3447 sed
1548 3395 1620 3447 ad
1665 3396 1838 3462 ipsius
1873 3395 2130 3446 vocabuli
2165 3397 2432 3447 rationem
2469 3397 2602 3448 scri·

326 3480 509 3538 bendi.
550 3496 658 3532 non
692 3478 781 3531 καί
818 3473 988 3546 μα’λα,
1029 3481 1124 3532 sed
1164 3482 1430 3548 deinceps
1456 3481 1833 3534 continuandi.
1884 3479 1969 3532 cf.
1995 3485 2222 3548 praeter
2245 3481 2384 3532 alios
2412 3481 2605 3532 Gram-

325 3567 558 3617 maticos
594 3564 927 3616 Anechkk.
968 3583 1022 3632 p.
1067 3565 1183 3617 193:
1246 3559 1518 3632 Πῶμαλα.
1593 3559 1686 3617 ἐπὶ
1732 3564 1835 3617 τοῦ
1871 3563 2074 3630 (scribe
2113 3581 2232 3616 cum
2271 3565 2600 3618 Schaefero:

324 3649 427 3701 τοῦ
461 3640 557 3716 οὗ)
592 3642 767 3701 πάνυ.
834 3640 946 3716 ὑφ’
983 3643 1051 3700 ἓν
1088 3644 1153 3701 δὲ
1191 3649 1287 3704 δεῖ
1318 3642 1752 3717 ἀναγινώσκειν.
1810 3679 1878 3686 -
1937 3650 2046 3701 Cit.
2087 3651 2251 3701 etiam
2300 3651 2490 3705 Thom.
2529 3651 2602 3704 M.

330 3731 381 3785 sl
414 3751 466 3785 v.
570 3734 625 3800 3)
668 3723 773 3797 ἄν,
820 3726 971 3786 τότε
1014 3727 1151 3794 τούς
1195 3732 1435 3802 χρόνους
1480 3728 1606 3788 ου’·ιι
1651 3728 1871 3786 α’νελών
1916 3735 2178 3787 Reiskius
2214 3735 2282 3787 de
2319 3751 2434 3801 sno,
2475 3739 2606 3804 quia

327 3821 608 3886 superiora
643 3820 726 3870 sic
762 3820 1259 3886 interpretabatur:
1302 3821 1574 3886 ‘Opponit
1607 3823 1752 3872 inter
1788 3837 1846 3872 se
1883 3814 2008 3872 τότε
2035 3826 2092 3873 et
2114 3819 2446 3887 τηνικαῦτα,
2485 3829 2603 3888 tum,

327 3921 489 3971 quum
526 3904 686 3955 vobis
731 3905 909 3955 adhuc
944 3904 1155 3956 licebat
1191 3907 1371 3970 exire,
1412 3909 1467 3956 et
1502 3922 1662 3969 nunc,
1701 3921 1862 3971 quum
1897 3911 2158 3972 negatum
2196 3907 2253 3956 id
2289 3909 2446 3960 vobis
2485 3911 2602 3958 est.'

327 4017 392 4026 —-
428 3990 615 4052 ‘Quod
660 3989 928 4042 falsitatis
974 3991 1259 4041 convincit
1300 3993 1477 4056 ipsum
1522 3989 1660 4040 illud
1706 3979 1838 4054 οὐκ,
1887 4006 1982 4056 pro
2031 4006 2136 4057 quo
2183 3991 2602 4050 Demosthenes,

326 4074 429 4126 hoc
464 4075 515 4126 si
548 4074 835 4136 voluisset,
874 4076 1177 4142 scripturus
1216 4082 1339 4126 erat
1371 4067 1487 4143 μή.’
1528 4075 1972 4127 Schaeferus.
2076 4077 2137 4141 4)
2174 4065 2599 4142 ἔδυνήθητὨ.

323 4159 380 4223 5)
420 4149 701 4212 ἄνελθείν
736 4159 859 4210 siue
894 4146 972 4210 ἄν
1005 4161 1284 4226 particula
1317 4177 1361 4211 s.
1488 4158 1542 4222 6)
1579 4149 1896 4211 ἀποπεσεῖν
1929 4177 2088 4225 marg·
2121 4161 2258 4214 Mor.
2341 4199 2348 4206 .
2399 4160 2452 4222 7)
2491 4173 2600 4209 τοι·

326 4241 477 4295 αὕτα
512 4244 581 4296 Σ.
620 4244 828 4298 LaurS.
862 4243 1013 4310 vulg.
1072 4271 1135 4282 --
1194 4241 1417 4296 τοιαυτὶ
1453 4243 1575 4295 Ald.
1611 4245 1748 4295 Mor.
1787 4243 1854 4295 Φ.
1901 4260 1948 4294 r.
1993 4245 2188 4295 vindti.
2225 4245 2361 4295 Mal.
2397 4243 2600 4295 Laur8.

323 4355 395 4364 —-
428 4325 685 4380 totoevtol
718 4329 843 4380 Fel.
903 4355 969 4364 —
1030 4328 1213 4384 ‘Bene
1272 4327 1507 4381 τοιαῦτα
1565 4329 1870 4380 Bekkerus.
1943 4329 2034 4380 ubi
2098 4331 2242 4379 enim
2296 4329 2604 4395 explicatur

324 4428 649 4480 pronomen,
698 4419 761 4465 ut
802 4413 897 4466 hic
933 4404 1017 4479 (ἐξ
1051 4399 1133 4466 ὦν
1168 4402 1371 4480 ἥκιστα
1405 4413 1574 4478 κτλ.),
1613 4414 1778 4466 litera
1814 4412 2243 4466 demonstrativa
2277 4413 2456 4464 locum
2491 4429 2602 4466 nou
