3084 4938
2481 356 2600 415 711

619 612 1092 679 ExcURSUS
1137 614 1268 679 AD
1312 614 1388 678 F.
1434 613 1639 695 ΒΕΘ..
1686 618 1749 697 g.
1794 622 1937 685 280.
1994 614 2145 681 Not.
2194 624 2294 688 15.

456 940 540 1005 15)
575 930 1037 1007 Ἀριστογείτονος
1073 944 1200 1006 post
1227 932 1525 1007 Ἁρμοδίου
1561 938 1660 993 καὶ
1688 941 1795 993 add
1821 941 1968 1009 vulg.
2008 970 2071 979 --
2110 958 2196 994 om
2221 959 2286 1010 pr
2312 942 2369 997 Σ
2389 943 2471 1007 (in
2496 960 2601 1009 quo

317 1026 428 1077 add
453 1024 646 1093 antiq).
669 1030 789 1077 text
811 1024 1001 1075 LaurS
1028 1024 1219 1089 (habet
1241 1041 1400 1093 marg
1424 1042 1457 1076 a
1480 1042 1548 1093 pr
1570 1041 1762 1089 manu3
1798 1026 2091 1093 adscripsit
2114 1044 2167 1077 m
2191 1044 2311 1079 sec:
2339 1020 2439 1079 τὸν
2462 1022 2601 1093 πρό*

317 1110 487 1175 ξενον
520 1105 661 1176 λέγω
696 1102 796 1162 τὸν
831 1101 1187 1177 στρατηγόν).
1223 1110 1396 1176 Aug-1.
1433 1111 1484 1161 k.
1510 1127 1557 1164 s.
1621 1110 1936 1163 ‘Manifesto
1974 1127 2154 1164 errore
2178 1112 2410 1164 librarii.
2463 1129 2593 1164 nam

317 1196 425 1247 etsi
461 1196 602 1246 satis
639 1200 760 1245 erat
793 1194 1152 1245 Harmodium
1188 1196 1488 1258 nominari,
1535 1200 1597 1246 ut
1635 1195 1771 1246 fecit
1807 1195 2087 1262 Aristoph.
2122 1197 2261 1262 qu.
2298 1195 2425 1247 786:
2474 1196 2598 1264 μῶν

316 1276 554 1346 ἔκγονος
590 1271 649 1332 εἴ
678 1279 792 1330 τῶν
821 1270 1117 1345 Ἁρμοδίου
1152 1296 1236 1339 τις
1274 1270 1540 1345 §aalma
1579 1281 1674 1331 ubi
1707 1280 2105 1347 Aristogitonis
2139 1297 2339 1333 nomen
2375 1281 2596 1349 supple-

312 1366 399 1417 vit
433 1364 764 1429 scholiasta,
813 1364 1240 1416 Demosthenem
1286 1369 1475 1417 tamen
1508 1371 1797 1431 utrumque
1833 1366 2183 1431 nominasse,
2228 1365 2461 1433 pluralis
2496 1383 2597 1417 nu-

313 1451 455 1502 meri
499 1464 628 1500 usus
675 1448 860 1515 arguit
903 1448 1016 1499 τῶν
1064 1489 1078 1503 .
1105 1484 1120 1499 .
1147 1488 1161 1503 .
1190 1486 1204 1500 .
1254 1443 1641 1515 εἰργασμένων
1686 1464 1801 1516 seq.
1874 1452 2082 1502 Eodem
2128 1453 2284 1503 modo
2326 1452 2385 1502 in
2420 1452 2597 1518 Augl.

311 1552 380 1602 pr
415 1533 472 1585 Σ
504 1539 559 1585 et
593 1533 627 1583 k
661 1537 950 1600 peccatum
989 1550 1040 1599 p.
1079 1533 1196 1597 462,
1241 1532 1328 1597 19,
1365 1534 1463 1584 ubi
1500 1538 1807 1585 ceterorum
1843 1535 2103 1587 librorum
2140 1537 2415 1603 scriptura
2452 1539 2591 1588 satis

309 1618 628 1672 defenditur
663 1622 898 1684 quatuor
933 1618 1058 1669 aliis
1097 1620 1343 1669 eiusdem
1388 1619 1658 1669 orationis
1703 1618 2105 1699 locisp.466‚‚
2145 1620 2196 1670 9.
2243 1620 2462 1699 p.495,
2507 1621 2589 1672 19.

309 1706 364 1754 p,
401 1684 519 1749 496,
562 1686 640 1737 15.
688 1703 743 1753 p.
778 1684 896 1745 506,
932 1684 1004 1737 7.*
1064 1686 1491 1738 Dindorfius.
1566 1687 1728 1752 Lept.
1754 1688 1801 1749 §-
1834 1687 1921 1737 18:
1960 1678 2092 1740 οὐδ’
2130 1703 2229 1746 ους
2255 1704 2419 1748 ουτος
2445 1689 2588 1750 (scil

310 1772 601 1839 Leptines)
641 1766 872 1837 ἔγραψε,
909 1764 1043 1829 τοὺς
1077 1760 1193 1837 ἀφ’
1222 1762 1534 1837 Ἁρμοδίου,
1576 1772 1660 1822 sic
1684 1787 1748 1837 pr
1774 1772 1842 1834 Σ,
1880 1773 1976 1822 ubi
2010 1774 2143 1823 item
2168 1775 2229 1822 ut
2252 1776 2439 1822 nostro
2465 1771 2586 1823 loco

312 1858 470 1923 antiq
503 1855 736 1922 vulgata
768 1856 943 1907 verba
981 1856 1105 1909 add.
1152 1857 1234 1907 sic
1273 1856 1440 1907 etiam
1474 1856 1650 1923 Augl.
1688 1855 1741 1906 k.
1789 1873 1853 1924 pr
1889 1856 1973 1919 11,
2022 1858 2079 1907 in
2128 1872 2231 1922 quo
2280 1856 2471 1907 codice
2520 1872 2589 1907 ea

310 1942 422 1993 add
449 1942 721 1993 secundus
760 1957 897 1992 corr.
957 1940 1209 2006 Respicit
1245 1942 1461 2007 quidem
1497 1942 1577 1991 ibi
1602 1940 2002 1993 Demosthenes
2038 1940 2220 2008 legem
2256 1942 2588 2010 Leptineam

307 2028 474 2094 plene
509 2026 610 2076 illa
647 2025 994 2076 exhibentem
1029 2026 1110 2087 ἐξ.
1147 2024 1230 2075 29.
1273 2025 1384 2076 127.
1423 2024 1538 2079 128.
1580 2024 1692 2077 160.
1731 2028 1788 2075 in
1813 2026 2011 2091 quibus
2037 2031 2271 2091 quatuor
2305 2028 2443 2078 locis
2468 2028 2591 2093 ipsa

271 2138 282 2145 ·
308 2112 454 2179 legis
489 2110 660 2163 verba
697 2110 1098 2161 describuntur.
1158 2126 1266 2161 non
1304 2110 1436 2160 item
1471 2111 1519 2171 §-
1563 2109 1655 2174 18,
1701 2112 1797 2161 ubi
1845 2110 2017 2161 solum
2065 2110 2333 2162 formulae
2370 2112 2588 2161 initium

309 2195 618 2263 significari
653 2194 910 2245 sufficere
947 2196 1152 2246 oratori
1188 2194 1495 2245 videbatur.
1557 2196 1746 2245 Etiam
1778 2195 2103 2261 gravissimo
2129 2211 2307 2246 rerum
2334 2197 2591 2262 scriptori

307 2298 476 2332 unum
512 2280 568 2331 id
603 2296 801 2331 nomen
826 2278 1063 2344 suffecit,
1105 2296 1434 2346 quamquam
1458 2281 1621 2347 plene
1650 2280 2029 2335 continuabat.
2090 2281 2263 2331 Thuc.
2291 2281 2385 2343 VI,
2412 2280 2479 2332 53
2498 2296 2587 2346 sq:

308 2362 416 2435 τὴν
460 2366 745 2430 Πεισιστρ.
793 2401 808 2417 .
835 2402 849 2415 .
877 2402 891 2415 .
937 2362 1258 2431 τυραννίδα
1307 2402 1319 2415 .
1350 2404 1362 2417 .
1393 2400 1406 2415 .
1455 2354 1588 2414 οὐδ’
1635 2354 1744 2430 ὑφ’
1798 2355 2019 2416 ἑαυτῶν
2071 2364 2225 2428 (scil.
2269 2354 2589 2430 Ἀθηναίων

307 2451 504 2520 κοινῇ,
552 2450 1016 2502 Lacedaemoniis
1065 2450 1470 2516 oppositorum)
1507 2446 1607 2503 καὶ
1649 2440 1944 2515 Ἁρμοδίου
1998 2448 2433 2500 καταλυθεῖσαν
2482 2456 2586 2501 etc.

313 2533 399 2590 Τὸ
443 2531 553 2603 γὰρ
593 2527 1062 2601 Ἀριστογείτονος
1107 2533 1206 2588 καὶ
1245 2527 1544 2601 Ἁρμοδίου
1592 2526 1853 2600 τόλμημα
1902 2538 2010 2585 etc.
2099 2534 2355 2585 Comicus
2404 2539 2588 2585 autem

309 2624 416 2675 loc.
456 2623 549 2673 cit.
587 2632 697 2672 non
732 2621 911 2686 potuit
945 2616 1045 2670 καὶ
1075 2613 1542 2686 Ἀριστογείτονος
1579 2619 1781 2670 addere
1812 2619 1921 2668 nisi
1954 2619 2335 2684 insipientiam
2360 2618 2589 2671 volebat

306 2707 556 2774 prodere.
623 2721 697 2756 an
733 2705 934 2756 dixerit
976 2720 1268 2771 personam
1313 2709 1488 2756 ortam
1537 2719 1659 2755 esse
1706 2719 1741 2753 a
1776 2703 1986 2755 duobus
2020 2704 2305 2770 patribus?
2349 2719 2456 2755 uec
2492 2719 2586 2754 no-

307 2799 422 2844 stro
458 2791 578 2842 loco
613 2791 1018 2842 Demosthenes
1054 2791 1191 2841 dixit
1214 2792 1521 2842 Proxenum
1560 2794 1658 2840 aut
1695 2804 2068 2855 quemcunque
2104 2792 2291 2854 patres
2326 2787 2589 2839 habuisse

307 2893 420 2929 non
454 2891 620 2926 unum
655 2875 755 2927 sed
789 2875 944 2938 duos,
981 2875 1344 2926 Harmodium
1379 2879 1545 2942 atque
1571 2874 2018 2941 Aristogitonem.
2077 2873 2236 2936 Quod
2271 2872 2416 2924 male
2448 2873 2590 2925 Shil-

309 2962 423 3013 leto
459 2959 736 3011 defendit:
779 2960 960 3026 ambo,
999 2961 1206 3026 inquit,
1242 2961 1470 3010 nomina
1507 2959 1646 3011 adeo
1701 2964 1861 3010 erant
1904 2961 1962 3010 in
2005 2958 2424 3010 Atheniensium
2472 2959 2590 3008 ani-

311 3047 416 3096 mis
455 3045 812 3110 consociata,
845 3049 908 3095 ut
951 3061 1020 3095 ne
1056 3045 1115 3094 iu
1153 3044 1360 3096 talibus
1397 3044 1618 3110 quidem
1655 3043 1795 3095 locis
1832 3045 2311 3110 disiungerentuff
2370 3043 2590 3094 Pariter

307 3136 510 3182 natura
545 3131 628 3180 rei
663 3130 774 3180 fert
809 3129 983 3181 solum
1007 3130 1366 3180 Harmodium
1389 3128 1663 3179 nominari
1699 3144 1860 3195 quum
1898 3130 2017 3178 eius
2054 3129 2223 3179 solius
2262 3144 2434 3180 causa
2471 3132 2589 3195 agi-

305 3222 412 3267 tur.
471 3213 784 3268 Dinarchus
821 3213 888 3265 de
928 3213 1126 3288 eadem
1156 3229 1233 3277 re,
1274 3230 1382 3280 qua
1417 3213 1470 3264 h.
1507 3212 1544 3263 1.
1584 3212 1653 3275 (c.
1693 3214 1850 3265 Dem.
1894 3215 1942 3275 9.
1968 3211 2081 3276 63):
2122 3205 2305 3279 ἐδέθη
2342 3211 2455 3264 τῶν
2478 3203 2594 3279 ἀφ’

300 3295 598 3366 Ἁρμοδίου
633 3293 952 3366 γεγονότων
989 3291 1074 3357 εἷς
1109 3291 1254 3349 κατὰ
1291 3291 1355 3350 τὸ
1391 3292 1494 3349 σὸν
1528 3289 1877 3363 πρόςταγμα.
1952 3297 2051 3347 ‘At
2084 3297 2317 3363 pluralis
2353 3299 2587 3362 numeri,

303 3386 499 3451 inquit,
537 3400 670 3436 usus
707 3385 892 3451 arguit
925 3388 1214 3450 utrumque
1253 3401 1288 3434 a
1321 3383 1694 3434 Demosthene
1732 3382 2070 3434 nominatum
2107 3379 2267 3435 esse!
2338 3381 2454 3432 Imo
2492 3398 2589 3448 pa·

305 3472 443 3521 riter
477 3471 671 3521 Isaeus
707 3469 797 3533 (de
833 3470 1102 3535 Dicaeog.
1131 3467 1319 3520 hared.
1347 3467 1536 3531 extr.):
1578 3459 1904 3534 ἐβουλήθης
1932 3465 2151 3533 μᾶλλον
2175 3462 2591 3532 Δικαιογένους

305 3553 618 3608 καλεῖσθαι
655 3547 782 3614 υίὸς
816 3543 858 3620 ἦ
886 3545 1210 3620 Ἁρμοδίου,
1259 3544 1550 3618 ὖπεριδών
1585 3546 1692 3618 μὲν
1727 3545 1832 3618 τὴν
1868 3544 1933 3604 ἐν
1967 3549 2307 3617 Πρυτανείῳ
2345 3549 2587 3616 σίτησιν,

305 3631 754 3706 καταφρονήσας
792 3633 856 3690 δὲ
891 3637 1214 3703 προεδριῶν
1258 3637 1359 3691 καὶ
1394 3630 1694 3700 ἀτελειῶν,
1744 3625 1784 3687 ἃ
1830 3639 1949 3694 τοῖς
1986 3629 2045 3699 ἐξ
2096 3628 2395 3687 ἐκείνων
2430 3651 2587 3702 γεγο-

307 3717 434 3777 νόσι
472 3719 724 3777 δέδοται.
780 3717 862 3775 ἔτι
911 3717 976 3774 δὲ
1015 3715 1045 3774 ὁ
1078 3713 1491 3789 Ἀριστογείτων
1528 3716 1749 3780 ἐκεῖνος
1792 3718 1893 3773 καὶ
1924 3713 2212 3787 Ἁρμόδιος
2259 3713 2332 3771 οὐ
2376 3715 2476 3771 διὰ
2527 3712 2590 3770 τὸ

309 3805 478 3876 γένος
515 3801 890 3876 ἐτιμήθησαν,
928 3799 1075 3859 οἷλλά
1113 3800 1210 3858 διὰ
1249 3803 1355 3875 τὴν
1390 3801 1826 3874 ἀνδραγαθίαν.
1895 3806 2199 3858 Manifesto
2227 3805 2447 3872 quidem
2471 3805 2591 3872 plu-

309 3894 448 3946 ralis
493 3893 605 3944 τῶν
641 3931 654 3946 .
684 3930 698 3945 .
725 3931 738 3944 .
789 3886 1178 3959 εἰργασμένων
1223 3879 1324 3951 οὓς
1373 3898 1516 3958 etc.‚
1567 3896 1623 3942 et
1666 3892 1817 3943 Isaei
1866 3884 2101 3943 ἐκείνων
2146 3906 2255 3940 nou
2302 3891 2373 3942 ad
2418 3891 2593 3942 solum

307 3978 668 4030 Harmodium
707 3979 1032 4030 referendus
1069 3983 1170 4042 est,
1210 3978 1309 4029 sed
1347 3977 1418 4029 ad
1453 3978 1635 4044 ipsum
1672 3981 1730 4027 et
1765 3976 1838 4027 ad
1860 3976 2312 4043 Aristogitonem.
2372 3980 2593 4028 senten·

308 4065 394 4115 tia
431 4069 614 4115 autem
654 4072 740 4116 est
774 4063 943 4114 haec:
993 4061 1305 4114 ‘Proxenus
1343 4062 1420 4128 (si
1456 4061 1592 4112 fides
1628 4060 1997 4126 scholiastae)
2048 4065 2133 4112 est
2168 4075 2307 4110 unus
2345 4077 2411 4111 ex
2446 4062 2594 4113 Har-

309 4147 482 4200 modii
506 4149 763 4215 posterIs,
803 4149 992 4214 itaque
1033 4165 1100 4199 ex
1135 4148 1204 4198 iis
1230 4147 1506 4210 oriundus,
1539 4146 1630 4212 qui
1656 4147 1897 4197 maxima
1920 4145 2195 4197 beneficia
2219 4145 2277 4195 in
2303 4146 2591 4198 civitatem

311 4233 667 4286 contulerunt
702 4239 760 4285 et
793 4234 1018 4284 summis
1051 4232 1352 4283 honoribus
1399 4232 1589 4283 affecti
1630 4228 1803 4282 sunt.’
1862 4230 2204 4293 Dindorfius,
2258 4235 2317 4281 ut
2360 4230 2595 4297 vulgata

313 4319 661 4383 defenderet,
701 4319 851 4370 aliud
886 4317 1070 4368 delere
1107 4318 1348 4384 cogitur,
1391 4317 1533 4383 quod
1568 4331 1778 4368 summa
1814 4317 2147 4367 auctoritate
2182 4315 2393 4377 nititur,
2430 4331 2598 4367 voca-

313 4403 500 4456 bulum
535 4399 653 4458 ιιαὶ.
725 4403 921 4454 Plures
959 4408 1142 4454 autem
1167 4418 1332 4469 quam
1357 4407 1603 4468 quatuor,
1634 4401 1969 4468 Epicratem,
1996 4399 2421 4464 Thrasybulum,
2450 4401 2591 4452 Har-
