3084 4938
615 400 873 445 excuss.
908 405 991 445 An
1026 404 1469 447 nnuosrnsms
1494 398 1687 448 'olma
1723 408 1804 447 nn
1838 408 2089 451 cosona
2119 396 2173 465 S.
2206 398 2325 451 ⁶289.
2483 398 2603 461 375

330 570 433 606 νον
479 569 600 604 cum
646 554 877 604 Isocrat.
920 554 1131 621 Paneg.
1182 556 1229 617 §-
1266 555 1359 605 92:
1410 556 1537 615 ταῖς
1581 556 1800 622 ψυχαῖς
1842 556 2138 621 νικῶντες,
2185 562 2306 619 τοῖς
2351 553 2604 627 σώμασιν

328 628 598 691 ἀπεῖπον.
670 628 739 689 οὖ
781 630 890 702 γὰρ
940 630 1015 703 δὴ
1060 632 1228 689 τοῦτό
1272 654 1335 703 γε
1381 634 1555 706 θέμις
1601 636 1816 705 εἰπεῖν,
1863 633 1939 701 ὥς
1985 634 2338 709 ἡττήθησαν.
2411 636 2606 705 οὐδεὶς

330 718 441 791 γὰρ
483 714 673 775 αὖτοῑν
717 724 927 789 φυγεῖν
972 712 1229 789 ἠξίωσεν.
1300 724 1596 790 Hyperidis
1639 726 1897 792 Epitaph.
1949 728 2063 778 Col.
2108 726 2194 778 10:
2254 714 2360 793 ἆρ’
2399 720 2468 780 οὖ
2503 726 2602 781 διὰ

329 803 436 875 τὴν
468 807 571 874 τῆς
607 797 817 875 α’ρετῆς
850 796 1157 871 α’πόδειξιν
1192 797 1448 873 εὖτυχεῖς
1483 808 1703 874 μᾶλλον
1745 798 1788 876 ἦ
1821 802 1924 861 διὰ
1959 804 2067 878 τὴν
2100 810 2204 863 τοῦ
2237 812 2342 878 ζῆν
2375 805 2604 866 ᾰπόλει-

329 902 438 958 ψιν
472 884 705 959 ἄτυχεῖς
740 888 1055 958 νομιστέον,
1094 890 1305 951 οἵτινες
1332 892 1560 959 θνητοῦ
1594 887 1848 961 σώματος
1885 885 2192 947 αἷθόἰνατον
2228 892 2408 961 δόξαν
2446 892 2604 967 ἐκτή-

330 992 503 1031 σαντο
546 973 645 1029 καὶ
694 969 791 1027 διὰ
825 968 933 1043 τὴν
970 973 1134 1028 ίδίαν
1176 968 1388 1043 οἷρετήν
1435 971 1540 1045 τῆν
1577 971 1779 1045 κοινὴν
1815 970 2158 1043 ἐλευθερίαν
2193 984 2312 1042 τοῖς
2332 976 2604 1050 Ἕλλησιν

331 1054 683 1130 ἐβεβαίωσαν
720 1065 825 1113 etc.
871 1056 977 1129 τήν
1018 1060 1133 1112 τῶν
1176 1052 1281 1113 ουίι
1316 1053 1691 1114 ἀπολωλότων
1742 1054 1972 1129 α’ρετήν.
2010 1092 2076 1101 -·
2111 1055 2181 1116 οὖ
2215 1059 2324 1133 γὰρ
2361 1062 2604 1134 θεμιτὸν

328 1139 535 1199 τούτου
566 1144 671 1198 τοῦ
705 1137 984 1212 ὀνόματος
1018 1148 1213 1212 τυχεῖν
1245 1138 1377 1205 τοὺς
1414 1136 1590 1206 οὕτως
1625 1141 1769 1212 ὑπὲρ
1805 1148 1996 1200 καλῶν
2046 1144 2148 1201 τὸν
2181 1148 2313 1217 βίον
2349 1144 2603 1203 ἐκλιπόν-

328 1248 456 1283 των.
528 1233 673 1283 Hinc
728 1231 1007 1283 sententia
1060 1232 1303 1283 efficitur
1353 1231 1616 1298 vulgatae
1669 1233 1898 1284 lectioni
1945 1239 2104 1300 apta:
2163 1241 2289 1301 post
2322 1242 2601 1287 strenuam

331 1333 572 1384 pugnam
608 1316 691 1367 illi
728 1332 835 1367 non
870 1317 1170 1382 perierunt,
1208 1318 1315 1367 imo
1351 1322 1523 1367 morte
1561 1332 1661 1367 sua
1695 1318 1966 1369 declarati
2001 1326 2128 1371 sunt
2161 1321 2425 1383 victores,
2468 1338 2602 1387 quos

328 1402 657 1469 praemium,
708 1401 917 1467 gloria,
964 1400 1227 1451 manebat
1272 1406 1395 1467 post
1428 1406 1676 1453 mortem.
1747 1402 1856 1453 Sed
1891 1408 2185 1469 antequam
2221 1406 2410 1455 virtuti
2445 1421 2601 1457 snum

328 1482 631 1554 praemium
668 1484 857 1546 fieret,
892 1485 1245 1536 iudicandum
1272 1491 1419 1549 erat,
1459 1488 1677 1537 essetne
1708 1486 1926 1537 fortiter
1965 1493 2264 1554 pugnatum
2301 1505 2371 1539 an
2406 1490 2600 1541 timide

330 1576 605 1623 cessatum
658 1570 749 1622 vel
803 1571 937 1637 fuga
988 1570 1262 1635 praelata.
1330 1572 1472 1622 Nam
1525 1571 1635 1637 ipsi
1671 1586 1768 1636 pro
1803 1573 1987 1637 patria
2024 1575 2341 1633 certamini,
2381 1573 2602 1625 etiamsi

330 1657 567 1707 victoria
624 1666 733 1706 non
816 1660 1101 1721 reportata
1162 1660 1271 1719 est,
1343 1655 1574 1706 debetur
1629 1654 1769 1706 laus.
1842 1656 1928 1706 Cf.
1973 1658 2028 1718 ἓ.
2069 1656 2186 1707 208.
2247 1649 2602 1724 Κηρύσσεται

326 1734 433 1807 μὲν
466 1731 502 1807 ἡ
540 1732 707 1805 ’ρετή,
746 1734 923 1798 κακὸς
959 1731 1017 1791 ‹5’
1054 1731 1206 1806 οἷνήρ
1240 1736 1265 1808 Η
1298 1732 1531 1807 σιγηλὸν
1570 1734 1694 1805 ἔσχε
1729 1740 1838 1802 ζῶν
1871 1756 1932 1791 τε
1966 1736 2066 1793 καὶ
2102 1734 2304 1792 θανών
2339 1740 2469 1808 βίον
2503 1744 2601 1793 Ze-

328 1825 559 1875 nodotus
594 1825 651 1875 in
688 1824 915 1875 Stobaei
950 1826 1097 1878 Flor.
1135 1826 1245 1879 Tit.
1284 1826 1341 1876 11
1374 1826 1421 1888 §-
1463 1825 1544 1880 12.
1613 1826 1734 1876 Non
1771 1825 1952 1891 agitur
1987 1826 2040 1875 h.
2077 1824 2114 1875 l.
2136 1862 2150 1886 ,
2201 1826 2310 1875 utri
2347 1826 2602 1877 fortiores

326 1910 559 1972 fuerint,
599 1909 695 1960 sed
732 1914 907 1959 utrum
944 1910 1162 1961 omnino
1199 1911 1371 1961 fortes
1406 1926 1600 1961 necne.
1647 1910 1823 1961 Morte
1860 1926 1961 1961 sua
1998 1909 2368 1969 ostenderunt,
2408 1910 2600 1975 quales

326 1994 560 2058 fuerint,
610 1994 783 2044 fortes
819 2009 889 2044 an
924 1994 1131 2059 pavidi.
1200 1996 1321 2045 Non
1366 1995 1475 2045 nisi
1520 1999 1746 2045 servato
1783 1993 2052 2060 δείματος
2097 1994 2238 2045 bene
2273 1994 2602 2061 intelligitur

325 2072 523 2130 κοινὸν
574 2079 610 2128 i.
652 2094 700 2129 e.
756 2092 985 2143 aequum
1046 2080 1111 2130 de
1165 2081 1409 2145 utrisque
1469 2080 1733 2141 indicem,
1791 2080 1858 2129 de
1905 2079 2140 2130 fortibus
2178 2083 2235 2129 et
2269 2080 2338 2130 de
2377 2079 2598 2132 timidis.

322 2164 479 2214 Alias
530 2167 679 2213 esset
724 2163 891 2213 inane
937 2168 1343 2227 ornamentum,
1394 2164 1505 2214 nisi
1551 2162 1621 2213 ad
1662 2154 1850 2231 Ἀΐδην
1893 2164 2106 2215 referas
2144 2180 2264 2214 cum
2299 2165 2598 2216 Karstenio

324 2248 361 2299 l.
401 2264 448 2299 c.
489 2252 545 2298 et
581 2246 707 2297 aliis
744 2252 935 2298 contra
973 2263 1105 2313 quos
1150 2249 1261 2298 iam
1298 2248 1606 2299 Disaenius.
1675 2250 1928 2314 Denique
1967 2246 2236 2313 δείματος
2269 2249 2598 2301 vocabulum

326 2332 481 2399 gravi
536 2332 869 2383 auctoritate
905 2332 1149 2397 Lycurgi
1202 2332 1544 2395 defenditur,
1603 2334 1694 2396 qui
1747 2349 1796 2383 c.
1843 2333 2041 2383 Leocr.
2095 2336 2142 2396 g.
2179 2332 2248 2383 46
2281 2350 2399 2400 sqq.
2451 2334 2598 2385 hanc

327 2416 561 2484 elegiam
607 2410 713 2480 (εἰς
758 2407 861 2465 τὸν
904 2408 1191 2480 θάνατον)
1238 2412 1351 2465 τῶν
1392 2408 1537 2483 ὑπὲρ
1583 2414 1684 2483 τῆς
1732 2407 2070 2482 ἐλευθερίας
2114 2412 2215 2467 καὶ
2260 2417 2361 2471 τοῦ
2410 2412 2598 2487 δήμου

325 2501 601 2568 σωτηρίας
645 2492 709 2552 ἐν
752 2499 1079 2565 Χαιρωνείᾳ
1123 2495 1580 2566 τελευτησάντων
1623 2501 1917 2551 manifesto
1963 2515 2242 2566 exponens
2288 2504 2458 2553 etiam
2491 2505 2596 2556 hoc

325 2587 488 2637 dicim
535 2578 623 2651 μὴ
662 2578 1067 2651 πτήξαντας
1102 2578 1203 2636 τὸν
1236 2585 1351 2636 τῶν
1386 2577 1665 2636 ἐπιόντων
1703 2576 1887 2650 φόβον
1931 2586 1971 2635 i.
2011 2601 2057 2636 e.
2095 2602 2194 2636 non
2231 2589 2458 2638 timentes
2491 2595 2596 2638 ter-

322 2687 491 2723 rorem
526 2671 753 2722 Ioeostium.
801 2669 997 2735 Itaque
1036 2672 1344 2721 certissime
1382 2669 1474 2720 hic
1510 2675 1697 2730 orator
1731 2669 2056 2719 vocabulum
2093 2669 2313 2734 aliquod
2351 2673 2594 2736 timendi,

322 2761 385 2808 ut
421 2758 851 2807 consentaneum
890 2759 1001 2816 est,
1039 2754 1365 2806 vocabulum
1392 2752 1663 2820 δείματος
1700 2757 1829 2804 ante
1867 2752 2054 2804 oculos
2089 2753 2350 2804 habebat.
2392 2781 2451 2791 —
2491 2755 2608 2808 Re·-

324 2845 439 2892 stat
482 2845 544 2890 ut
590 2839 970 2891 confirmemus
1006 2840 1365 2906 hyperbaton,
1404 2839 1471 2890 de
1509 2854 1616 2904 quo
1653 2839 1763 2889 vid.
1799 2839 2046 2888 Lobeck.
2087 2839 2155 2888 ad
2192 2839 2356 2904 Soph.
2392 2839 2480 2889 Αἰ.
2515 2856 2596 2891 vs.

322 2925 437 2976 475.
474 2941 526 2990 p.
564 2922 667 2974 266
700 2939 817 2989 sqq.
856 2924 956 2979 Ed.
994 2927 1097 2974 2²¹⁶.
1148 2924 1389 2975 Goeller.
1434 2925 1626 2989 Progr.
1675 2925 1771 2974 cit.
1817 2940 1870 2988 p.
1907 2921 1941 2972 6
1975 2937 2092 2989 sqq.
2152 2923 2433 2974 Foertsch.
2473 2923 2509 2977 l.
2547 2941 2594 2976 c.

321 3027 375 3078 p.
411 3009 494 3061 53.
566 3009 650 3059 De
693 2997 847 3059 Ἀλλοὶ
892 3014 1019 3074 post
1061 3016 1357 3075 negantem
1400 3007 1774 3074 parenthesim
1818 3008 1892 3060 cf.
1928 3007 2174 3074 Xenoph.
2211 3007 2358 3061 Hell.
2397 3007 2525 3072 VII,
2564 3007 2597 3060 3

322 3096 369 3158 §-
406 3094 465 3144 7:
522 3081 689 3160 ᾔδειν
722 3085 860 3158 γὰρ,
906 3082 993 3144 ὄτι
1028 3089 1129 3144 καὶ
1162 3084 1327 3159 ὑμεῖς
1361 3087 1495 3152 τοὺς
1528 3088 1661 3157 περὶ
1691 3083 1913 3158 Ἀρχίαν
1947 3088 2047 3143 καὶ
2077 3083 2337 3160 Ὑπάτην
2371 3131 2385 3146 .
2413 3131 2426 3144 .
2454 3136 2467 3148 .
2509 3085 2598 3158 (οὖ

321 3178 530 3246 ψῆφον
563 3166 957 3243 ἀνεμείνατε),
1003 3167 1149 3228 ἀλλὰ
1184 3215 1197 3228 .
1229 3213 1241 3226 .
1270 3212 1285 3227 .
1323 3168 1770 3243 ἐτιμωρήσασθε.
1846 3176 1932 3227 Cf.
1969 3192 2134 3243 supra
2169 3179 2216 3240 6.
2257 3177 2342 3230 13.
2411 3180 2596 3230 Etiam

322 3267 445 3330 post
482 3261 769 3313 formulam
806 3255 875 3312 τά
912 3254 1019 3328 γὰρ
1056 3251 1201 3313 ἄλλα
1236 3259 1449 3324 σιωπῶ,
1488 3263 1548 3310 in
1583 3261 1904 3328 parenthesi
1937 3263 2312 3328 praemissam,
2353 3266 2598 3330 sequitur

322 3351 435 3400 ista
482 3347 794 3398 coniunctio
841 3347 1194 3398 adversativa
1238 3346 1465 3410 Dionys.
1512 3345 1640 3396 Hal.
1689 3346 1979 3399 Archaeol.
2029 3347 2105 3409 X,
2155 3343 2240 3397 38.
2312 3346 2447 3398 ‘Sed
2493 3351 2592 3412 sic,

323 3433 432 3485 nisi
476 3447 695 3498 prorsus
740 3432 933 3496 fallor,
981 3431 1258 3483 sententia
1304 3431 1493 3482 evadit
1536 3433 1756 3497 inepta,
1805 3431 2240 3496 quandoquidem
2284 3432 2456 3482 verba
2492 3423 2597 3483 οὐκ

327 3509 584 3569 ἐσάωσαν
616 3510 809 3582 ψυχὰς
842 3531 951 3567 non
986 3517 1045 3566 in
1082 3516 1451 3582 oppositione,
1500 3517 1596 3566 sed
1637 3518 1693 3566 in
1730 3516 2102 3583 explicatione
2138 3517 2450 3567 sententiae
2486 3521 2596 3582 pri-

322 3603 531 3653 mariae
577 3601 761 3651 inutili
804 3606 931 3652 sunt
976 3602 1189 3666 posita,
1236 3616 1397 3667 quum
1442 3616 1638 3652 sensus
1681 3601 1864 3667 potius
1901 3616 2021 3651 esse
2060 3599 2287 3650 debeat:
2349 3603 2598 3666 quamvis

318 3692 631 3756 pugnantes
668 3686 907 3748 fortiter,
930 3677 935 3680 ¹
956 3687 1127 3736 vitam
1174 3691 1359 3736 tamen
1396 3701 1507 3736 non
1540 3691 1858 3747 servarunt,
1906 3685 2002 3736 sed
2037 3685 2430 3736 occubuerunt.
2501 3702 2595 3738 ne-

322 3787 425 3839 que
474 3763 731 3824 ἐσάωσαν
777 3775 861 3822 est
903 3773 1035 3823 vitae
1077 3773 1363 3822 servandae
1406 3787 1616 3836 operam
1661 3773 1928 3822 dederunt.
1998 3773 2282 3822 Postremo
2317 3775 2432 3822 tam
2468 3789 2596 3824 con-

321 3861 469 3908 torta
506 3861 593 3907 est
626 3855 898 3907 orationis
935 3857 1135 3920 forma,
1176 3861 1237 3906 ut
1272 3857 1321 3906 si
1359 3857 1449 3920 qui
1476 3871 1598 3906 eam
1624 3857 1924 3921 usurparit,
1963 3857 2342 3923 negligentiae
2377 3859 2596 3909 nomine

322 3941 803 4008 reprehendendus
840 3941 929 3992 sit.
1002 3957 1129 3992 nam
1169 3957 1309 4007 quae
1348 3941 1417 3991 ad
1452 3939 1598 3990 hanc
1625 3939 1843 3990 dicendi
1879 3943 2150 3992 rationem
2187 3941 2364 3992 allata
2397 3948 2525 3993 sunt
2561 3958 2595 3992 a

325 4024 581 4076 Goellero
609 4061 623 4074 .
652 4064 665 4076 .
694 4067 705 4079 .
734 4041 843 4076 non
877 4025 1045 4092 plane
1081 4025 1287 4076 similia
1322 4029 1474 4088 sunt,
1513 4039 1692 4090 neque
1730 4041 1798 4076 ea
1835 4041 1973 4090 quae
1997 4026 2353 4077 Foertschins
2390 4026 2592 4087 attulit,

320 4125 499 4175 neque
538 4109 679 4174 quod
724 4115 785 4158 ut
832 4109 1063 4160 similius
1100 4111 1392 4161 Dissenins
1430 4127 1496 4160 ex
1530 4109 1781 4175 Xenoph.
1819 4109 1966 4162 Hell.
2005 4111 2126 4171 VII,
2165 4109 2224 4175 3,
2262 4110 2295 4160 7
2332 4109 2592 4173 admovit,

323 4207 357 4242 a
393 4209 500 4258 qua
544 4199 820 4244 structura
866 4193 1201 4246 anacolutha
1246 4195 1352 4246 hoc
1398 4195 1831 4260 Epigrammatis
1875 4195 2048 4244 verba
2089 4195 2405 4258 discedunt,
2452 4193 2596 4259 quod

324 4292 463 4342 quae
521 4277 590 4327 ad
627 4279 900 4344 posterius
938 4293 1149 4328 comma
1184 4281 1462 4344 pertinent
1496 4270 1706 4345 αἱρετῆς
1739 4275 1840 4330 καὶ
1885 4275 2132 4344 λήματος
2167 4279 2336 4344 priori
2373 4279 2594 4328 adiecta

322 4365 448 4410 sunt
482 4377 591 4412 non
628 4363 793 4428 apte)
865 4361 1023 4412 Haec
1060 4362 1315 4414 Osannus
1357 4363 1397 4414 l.
1434 4379 1483 4414 c.
1529 4367 1722 4434 contra
1759 4363 2156 4418 Foertschium.
2226 4362 2298 4412 At
2331 4363 2501 4411 etiam
2536 4363 2595 4412 in

324 4443 701 4511 Xenophontis
736 4433 1027 4506 Ιοσοτούς
1058 4443 1193 4512 περὶ
1230 4452 1335 4498 etc.
1376 4447 1446 4498 ad
1480 4449 1781 4500 membrum
1815 4450 1938 4513 post
1970 4435 2115 4498 ἀλλὰ
2151 4446 2459 4514 pertinens,
2499 4447 2594 4498 ad-

350 4681 379 4696 Q
