3084 4938
528 362 651 425 432
998 374 1443 419 :numeramus
1476 374 1578 417 on.
1609 374 1693 415 ns
1721 372 1924 415 mnu
1951 370 2340 414 nuos-noim.

1284 562 1402 641 ΕΞ
1453 564 1985 635 ΕΠΙΣΤΟΛΗΣ
2009 556 2030 596 ¹

680 710 779 771 41.
839 696 1111 772 Ουκοῦν
1158 702 1319 791 πρὶν
1362 694 1529 792 μὲν2
1576 698 1843 790 εἰρήνης
1887 715 2152 790 τυχεῖν,
2207 705 2270 769 εἰ
2313 700 2424 769 καὶ
2471 706 2816 821 συμμαχία

526 796 975 893 πτ()ο<,;γένοιτ’3
1035 800 1251 896 αὐτῷ,
1313 802 1596 893 γράψειν
1644 798 2002 892 ὡμολόγει,
2062 795 2262 890 ἡλίκα
2304 797 2430 889 τὴν
2475 800 2672 871 πόλιν
2733 828 2813 870 ευ

526 902 804 993 ποιήσει.
867 902 1093 995 ἐπειδὴ
1132 901 1197 975 δ’
1236 901 1577 1039 ἀμφότερ’5
1597 900 1782 997 αὐτω
1813 908 2122 992 γέγονεν,
2157 899 2284 973 οὐκ
2321 906 2572 973 εἰδέναι
2606 896 2814 992 φησι4

526 1014 596 1077 τί
634 1035 719 1076 αν
768 1010 979 1078 ποιῶν
1023 1014 1397 1097 χαρίσαιτο,
1456 1001 1577 1077 ἂν5
1626 1001 1693 1076 δ’
1741 1000 1938 1095 ὑμεῖς
1996 1008 2262 1095 λέγητε,
2334 997 2760 1093 σιτοιίᾔιῖεινΒ
2733 998 2812 1074 0⁷

526 1103 682 1197 μήτ’
722 1106 1051 1198 αἰσχύνην
1084 1104 1241 1199 μήτ’
1278 1104 1555 1192 ἀδοξίαν
1579 1102 1798 1201 αὐτῷ8
1833 1110 2049 1197 φέρει,
2090 1114 2183 1189 εἰς
2218 1105 2462 1189 ταύτας
2495 1134 2612 1187 τας
2645 1132 2808 1198 προ-

696 1313 781 1364 41.
824 1314 965 1366 Aute
994 1328 1180 1386 pacem
1211 1311 1383 1383 igitur
1412 1312 1782 1385 impetratam,
1815 1312 1860 1365 si
1891 1310 2051 1366 etiam
2083 1312 2318 1367 societas
2347 1325 2530 1367 secum
2559 1286 2812 1371 iniretur,

528 1410 589 1450 se
620 1397 953 1469 scripturum
982 1395 1365 1470 promittebat.
1406 1396 1628 1471 quantis
1675 1394 2062 1470 rempublicam
2093 1394 2370 1453 beneficiis
2401 1394 2694 1453 affectui-us
2725 1410 2813 1449 es-

476 1523 483 1527 .
530 1488 630 1534 set.
674 1488 963 1555 postquam
996 1489 1175 1538 autem
1204 1480 1502 1556 'utrumque
1531 1480 1787 1544 obtinuit,
1821 1482 2074 1555 ignorare
2105 1496 2163 1535 se
2195 1479 2352 1543 dicit,
2384 1497 2492 1555 qus
2523 1474 2715 1554 (vobis)
2750 1494 2813 1534 re

528 1564 894 1636 gratificetur,
939 1566 987 1622 si
1018 1583 1145 1622 vero
1176 1584 1273 1623 vos
1303 1566 1573 1629 dixeritis,
1619 1582 1677 1622 se
1707 1566 1978 1623 facturum
2008 1581 2156 1627 esse,
2199 1564 2347 1640 quod
2376 1564 2478 1621 sibi
2507 1580 2608 1621 nec
2635 1564 2813 1638 pudo-

530 1652 643 1705 rem
675 1666 853 1725 neque
881 1652 1230 1723 ignominiam
1262 1652 1469 1719 afferat,
1502 1652 1568 1707 ad
1599 1650 1696 1707 has
1727 1653 2103 1707 excusationes
2133 1650 2458 1722 confugiens
2488 1656 2560 1712 et,
2591 1651 2638 1705 si
2667 1648 2814 1704 sorte

532 1868 917 1935 (compendio).
953 1868 1016 1918 F.
1056 1866 1121 1919 Φ.
1156 1883 1201 1917 r.
1242 1875 1279 1917 t.
1314 1885 1360 1917 v.
1396 1867 1595 1918 vinem.
1631 1866 1834 1919 LaurS.
1903 1866 1992 1930 20)
2027 1856 2149 1917 τότ’
2185 1882 2272 1917 om
2305 1863 2386 1920 Ω.
2423 1867 2485 1916 F.
2515 1863 2580 1915 Φ.
2618 1873 2656 1917 t.
2681 1882 2732 1915 u.
2759 1882 2807 1915 v.

530 1953 729 2005 vinda.
767 1954 817 2005 4.
854 1950 1057 2005 LaurS.
1196 1950 1285 2016 21)
1348 1944 1574 2017 ἐκείνης
1607 1968 1673 2018 pr
1708 1952 1765 2004 Σ
1793 1967 1892 2018 pro
1929 1944 1992 2003 ἐκ
2027 1951 2156 2019 τῆς,
2195 1966 2338 2017 quae
2373 1952 2499 2016 ipsa
2531 1949 2811 2001 vocabula

532 2036 661 2101 (non
707 2032 767 2101 δ’
816 2028 901 2100 ἐκ)
959 2036 1067 2086 add
1103 2036 1275 2100 antiq.
1344 2036 1451 2086 Pro
1500 2028 1563 2087 ἐκ
1607 2038 2019 2104 praepositione
2058 2052 2180 2087 cum
2217 2035 2452 2087 articulo
2492 2040 2811 2087 constructa

536 2120 709 2172 facile
748 2120 897 2170 aliud
932 2119 1089 2185 quid,
1138 2121 1306 2170 etiam
1343 2120 1401 2170 in
1439 2118 1515 2183 Σ,
1564 2122 1890 2173 invenimus.
1951 2121 2142 2173 Chers.
2186 2122 2234 2182 §-
2269 2120 2333 2171 67
2371 2136 2468 2186 pro
2507 2110 2569 2171 ἔτι
2605 2112 2672 2170 δὲ
2705 2116 2812 2171 τοῦ

531 2204 759 2256 exhibet
793 2203 849 2255 Σ
881 2194 1141 2255 ἕκαστον.
1190 2204 1397 2255 Contra
1434 2220 1531 2270 pro
1569 2198 1794 2257 ἐκεῖνον
1829 2204 2030 2271 Symm.
2067 2206 2114 2267 §-
2143 2204 2207 2257 13
2241 2204 2447 2256 Viudl:
2487 2195 2549 2255 ἔτι
2586 2200 2651 2255 δὲ
2685 2202 2810 2257 τοῦ.

426 2359 431 2367 ³
530 2290 687 2341 Idem
738 2304 1038 2355 pronomen
1091 2280 1320 2341 ἐκεῖνον
1370 2288 1519 2355 vulg.
1569 2307 1666 2356 pro
1712 2288 1812 2343 καὶ
1855 2276 1924 2341 ὃν
1960 2290 2168 2341 codicis
2203 2289 2260 2341 Σ
2291 2288 2518 2354 Olynth.
2553 2290 2639 2340 111
2672 2290 2722 2350 §-
2753 2288 2807 2337 2.

528 2374 721 2440 Neque
757 2373 865 2425 hoc
899 2373 1021 2426 loco
1056 2374 1123 2425 de
1158 2376 1437 2427 varietate
1474 2374 1733 2427 iectionis
1769 2374 1928 2440 quasi
1963 2374 2318 2441 corrigendae
2357 2374 2416 2423 in
2449 2365 2676 2439 ἐκείνης
2709 2372 2812 2439 τῆς

533 2460 885 2526 cogitandum
932 2464 1033 2510 est.
1104 2459 1349 2512 Alterum
1398 2461 1539 2512 enim
1587 2460 1706 2512 sive
1753 2452 1977 2526 ἐκείνης
2012 2461 2132 2512 sive
2165 2452 2446 2524 προτέρας
2479 2458 2812 2526 superfluum

532 2549 699 2596 esset.
804 2544 895 2609 22)
932 2535 1086 2596 αὖτῶ
1117 2561 1184 2611 pr
1214 2543 1298 2598 Ω.
1400 2545 1486 2609 23)
1526 2545 1796 2609 Taylorus
1832 2546 1915 2596 sic
1951 2545 2222 2596 distinxit:
2284 2533 2426 2608 αὐτὸ
2460 2543 2650 2596 τοῦτο.
2721 2537 2812 2596 ἐν·

482 2666 485 2675 -
532 2623 715 2682 &tvos
752 2623 897 2694 λέγε.
966 2630 1073 2680 Hic
1107 2632 1293 2696 incipe.
1366 2631 1515 2681 ‘Non
1554 2630 1716 2694 enim,
1754 2630 1960 2694 inquit,
1996 2635 2150 2681 totae
2184 2628 2382 2680 literae
2417 2629 2664 2696 Philippi
2697 2630 2812 2681 iam

531 2715 813 2780 perlectae
854 2719 1027 2777 erant,
1068 2716 1167 2765 sed
1202 2731 1389 2766 earum
1423 2713 1717 2780 particula.
1789 2713 2046 2780 Sequitur
2081 2714 2226 2764 enim
2252 2705 2346 2776 Ἐξ
2384 2705 2717 2780 ἐπιστολῆς]
2742 2739 2814 2751 -·

532 2798 871 2850 ‘Reiskiana
918 2804 1047 2849 ante
1094 2787 1234 2850 αὖτό
1284 2805 1342 2850 et
1385 2805 1513 2864 post
1557 2795 1722 2849 τοῦτο
1767 2797 1940 2849 habet
1980 2799 2390 2864 hypostigmem
2449 2797 2812 2849 Bekkeriima

530 2889 655 2950 post
717 2881 903 2933 τοῦτο.
972 2884 1483 2960 Interpunctionem
1545 2898 1579 2933 a
1635 2882 1877 2948 Tayloro
1949 2881 2385 2934 commendatam
2451 2899 2560 2933 non
2617 2884 2811 2949 probo.

532 2967 763 3030 Quando
802 2966 949 3016 enim
984 2955 1193 3017 talibus
1226 2968 1284 3017 in
1319 2967 1458 3018 locis
1495 2959 1622 3033 λέγε
1647 2969 1898 3030 iteratur,
1937 2969 2077 3035 quod
2103 2967 2458 3031 meminerim,
2495 2983 2606 3018 non
2641 2967 2808 3018 itera·

530 3059 619 3102 tur
652 3053 763 3102 nisi
798 3049 1011 3101 solum!
1048 3049 1487 3104 Schaeferus.

748 3127 880 3193 ,ἐκ
916 3135 1016 3202 τῆς
1054 3127 1351 3203 ἐπιστολῆς
1382 3135 1464 3190 Ω.
1501 3156 1551 3189 u.
1577 3157 1623 3190 v.
1659 3137 1856 3190 vinda.
1895 3165 1960 3174 --
1997 3129 2262 3204 ἐπιστολή
2299 3137 2472 3203 Augl.
2507 3153 2550 3188 s.
2621 3137 2674 3202 2)
2701 3131 2811 3204 μὲν

529 3238 617 3273 om
651 3240 699 3276 u.
805 3219 858 3286 3)
896 3211 1254 3288 προσγίνοιτ’
1290 3221 1353 3274 Φ.
1388 3239 1433 3274 r.
1470 3223 1668 3274 vindat.
1705 3222 1840 3276 Mal.
1876 3221 2078 3277 Laur8.
2172 3223 2225 3288 4)
2263 3211 2335 3274 οὔ
2371 3237 2550 3289 φησιν
2585 3216 2808 3274 εἰδέναι

529 3307 666 3360 Mor.
703 3305 878 3373 Augl.
914 3306 962 3361 k.
1000 3324 1051 3360 s.
1110 3307 1196 3359 cf.
1232 3309 1280 3370 §-
1318 3307 1401 3358 40.
1440 3333 1503 3356 «ι-
1541 3299 1648 3360 οὖκ
1686 3301 1908 3360 εἰδέναι
1945 3303 2088 3373 φησὶ
2124 3307 2193 3359 Σ.
2230 3307 2437 3358 Laui-S.
2475 3307 2622 3373 vulg.
2681 3307 2808 3358 vid.

530 3399 643 3445 not.
680 3391 731 3444 6.
832 3391 889 3458 5)
948 3383 1055 3444 ἐὰν
1086 3391 1237 3458 vulg.
1276 3418 1339 3427 —
1375 3380 1452 3443 ἄν
1488 3390 1555 3442 Σ.
1594 3391 1804 3444 LaurS.
1839 3391 2014 3458 Augl.
2050 3409 2093 3443 s.
2132 3393 2292 3442 Lind.
2395 3391 2451 3457 6)
2511 3384 2810 3458 ιποιήσειν

530 3495 617 3530 om
652 3477 823 3544 Aug2.
886 3477 1019 3528 Scil.
1058 3474 1275 3542 φησίν.’
1335 3477 1686 3527 Reiskius.
1743 3505 1811 3514 —
1871 3477 1943 3526 ‘E
1980 3478 2150 3528 verbo
2194 3477 2437 3544 negandi
2483 3478 2812 3528 subauditur

530 3563 757 3614 verbum
803 3563 1004 3612 aiendi.
1080 3561 1239 3623 Quod
1272 3561 1499 3613 schema
1532 3562 1823 3612 nonnullos
1858 3563 2075 3614 videtur
2111 3563 2340 3627 fugisse,
2376 3562 2520 3612 unde
2557 3563 2812 3628 suspicor

530 3652 716 3698 natam
771 3661 892 3699 esse
947 3661 1109 3711 quam
1160 3661 1239 3698 vs.
1277 3647 1308 3695 7
1358 3645 1455 3696 alii
1499 3646 1713 3698 habent
1757 3647 1888 3696 libri
1931 3647 2220 3698 verborum
2279 3643 2808 3712 transpositionem!

531 3731 971 3782 Schseferus.
1042 3731 1159 3780 Imo
1204 3732 1544 3797 transposuit
1587 3733 1900 3782 sententiae
1947 3731 2200 3782 diversae
2237 3747 2411 3782 cansa
2446 3737 2634 3783 orator
2665 3732 2807 3798 ipse.

531 3831 659 3866 nam
693 3815 744 3865 h.
784 3814 823 3864 1.
862 3808 1084 3865 εἰδέναι
1121 3818 1429 3884 oppositum
1466 3825 1554 3868 est
1587 3818 1840 3883 sequenti
1875 3807 2041 3887 ὑμεῖς
2076 3810 2292 3882 λέγητε.
2365 3832 2532 3883 supra
2569 3823 2809 3883 neg-atur

422 3923 430 3930 ·
530 3898 836 3968 promissio.
909 3899 962 3963 7)
999 3887 1041 3950 ἃ
1075 3901 1223 3967 vulg.
1261 3929 1331 3937 —
1364 3887 1397 3953 ὃ
1434 3902 1501 3954 Σ.
1528 3903 1735 3957 Lam-S.
1780 3901 1842 3952 Τ.
1881 3901 2054 3966 Augl.
2091 3918 2134 3954 s.
2173 3901 2344 3952 Ald'r.
2383 3901 2552 3952 ‘Mihi
2589 3901 2808 3968 quidem

529 3987 624 4038 hic*
656 3983 885 4052 pluralis
921 3984 1086 4051 longe
1123 3985 1319 4037 melior
1338 3987 1606 4038 ‘videtum'
1645 3987 2000 4038 Schiileto.
2063 3986 2266 4037 Contra
2311 3991 2598 4053 postquam
2636 3988 2810 4053 impe-

530 4073 702 4124 travit
737 4087 833 4121 rex
868 4085 1011 4136 quae
1046 4069 1300 4135 volebat,
1348 4072 1616 4123 simulans
1663 4071 2066 4137 ignorantiam,
2119 4087 2179 4122 se
2217 4087 2342 4122 eam
2376 4087 2493 4123 rem
2529 4073 2808 4122 facturum

532 4171 653 4209 esse
696 4156 993 4223 promisit,⁴
1022 4169 1185 4221 quam
1232 4157 1303 4206 ab
1348 4157 1780 4207 Atheniensibus
1820 4156 2210 4207 nominandam
2265 4157 2386 4223 ipse
2431 4159 2552 4207 sine
2599 4157 2810 4222 pudore

533 4243 838 4294 concedere
882 4245 1087 4306 posset.
1160 4241 1342 4292 Antea
1398 4241 1465 4292 de
1512 4240 1698 4292 multis
1743 4241 1944 4292 officiis
1990 4241 2086 4304 (cf.
2125 4231 2348 4307 ἡλίκα),
2403 4246 2535 4293 tunc
2583 4241 2648 4292 de
2697 4257 2810 4292 uno

532 4327 671 4378 dono
708 4327 805 4392 (cf.
840 4325 917 4394 τι)
954 4327 1197 4378 dicebat.
1335 4324 1389 4389 8)
1437 4341 1592 4391 αυτῳ
1637 4327 1706 4378 Σ.
1765 4353 1828 4364 -
1889 4318 2040 4394 αὐτῷ
2075 4327 2280 4396 Laut-S.
2319 4325 2468 4393 vulg.
2526 4353 2592 4362 —
2651 4316 2812 4392 αὑτῷ

529 4412 915 4476 Marklandus3
959 4413 1183 4475 rectius,
1224 4426 1548 4477 quamquam
1585 4427 1694 4461 non
1729 4427 1979 4463 necesse.
2017 4413 2264 4477 sequitur
2299 4402 2498 4476 ἑαυτῷ.
