3084 4938
307 260 429 305 VIII
1259 259 1679 308 PRAEFATIO.

367 415 459 476 lV.
507 415 622 496 55.
671 421 1024 482 315-331.

399 518 461 578 V.
508 517 623 598 55.
677 519 1102 590 150—178(in
1129 537 1239 596 qua
1263 519 1309 598 5
1332 526 1422 579 est
1444 517 1669 586 lacuna,
1686 518 1759 579 de
1786 538 1898 600 qua
1924 520 2101 600 mox).
2126 520 2241 600 55.
2266 524 2626 586 179-233.

367 619 455 679 vl.
505 619 619 700 55.
673 623 1022 684 134—149.
1070 619 1310 690 lacuna,
1359 620 1431 680 de
1477 639 1591 700 qua
1636 639 1791 681 mox.

246 784 259 795 ,
347 720 464 780 Vll.
513 720 628 800 55.
674 724 798 786 234
817 725 1030 786 -314.
1078 720 1160 782 De
1193 720 1402 782 ordine
1433 721 1508 782 cl'.
1541 723 1718 784 etiam
1750 721 1866 804 55.
1901 728 2027 789 200
2060 731 2121 783 et
2150 728 2296 789 241.

307 821 452 882 vul.
501 821 616 902 55.
665 826 998 887 341-343
1047 823 1198 882 [inis.

471 923 743 983 Lacunae
788 922 938 982 duae
981 923 1292 984 manifesto
1323 932 1673 986 occurrunt:
1720 926 1789 986 ln
1832 925 2319 1008 recapitulatione
2364 929 2631 1006 partitio·

304 1025 394 1084 nis
439 1022 505 1104 5.
541 1027 661 1089 178
706 1031 842 1102 post
885 1020 1479 1105 συναγορεύσαντα
1523 1033 1584 1086 et
1627 1035 1764 1087 ante
1808 1021 1965 1100 τούς
2006 1027 2219 1090 desunt
2261 1027 2466 1090 verba:
2512 1048 2631 1109 μη-

303 1123 422 1185 δὲν
453 1111 552 1185 ὦν
589 1119 1030 1204 προςετάξαθ’
1063 1119 1252 1205 ὑμεῖς
1279 1122 1655 1208 ποιήσαντα
1684 1129 1959 1208 (petenda
1990 1149 2023 1190 e
2054 1130 2117 1210 5.
2153 1135 2276 1196 333
2309 1129 2396 1189 vel
2429 1130 2495 1210 5.
2529 1134 2629 1210 94)

304 1236 403 1288 aut
447 1225 658 1287 similia
701 1244 736 1286 e
781 1227 846 1308 5.
896 1232 1037 1294 161.
1125 1228 1284 1288 Haec
1329 1227 1536 1293 lacuna
1584 1238 1829 1310 apparet
1874 1250 1947 1291 ex
1990 1231 2118 1310 ipsa
2164 1232 2481 1311 partitione
2524 1249 2633 1311 per

304 1330 808 1389 enumerationem
856 1327 922 1408 5.
971 1335 1036 1399 4,
1092 1331 1258 1391 cuius
1316 1332 1485 1391 tertia
1545 1349 1684 1411 pars
1743 1333 1805 1393 in
1850 1332 1915 1414 5.
1966 1337 2087 1400 178
2135 1333 2300 1394 deest
2340 1333 2497 1393 inter
2541 1351 2632 1394 se·

306 1431 558 1490 cunilam
605 1439 666 1491 et
709 1437 1000 1510 quartam.

472 1531 673 1594 Altera
718 1531 924 1592 lacuna
971 1538 1086 1603 est,
1134 1540 1200 1594 ut
1241 1535 1365 1594 veri
1409 1551 1540 1594 esse
1585 1534 1950 1597 simillimum
1996 1538 2109 1598 iam
2144 1537 2507 1615 Hieronymo
2554 1538 2635 1596 vi-

307 1632 583 1704 debatur,
642 1633 879 1716 5149
939 1641 1072 1715 post
1136 1630 1337 1715 φήσει
1401 1634 1496 1718 τῷ
1560 1633 1845 1720 πολέμῳ.
1938 1637 2027 1698 Cf.
2085 1639 2358 1699 Aeschin.
2422 1639 2459 1698 t.
2519 1637 2633 1716 leg.

306 1735 423 1816 55.
472 1741 551 1801 70
597 1757 722 1817 sqq.
813 1737 990 1798 Cuius
1034 1734 1150 1797 loci
1194 1737 1515 1798 adversarii
1560 1738 1621 1797 in
1653 1736 2066 1798 Demosthenis
2110 1741 2485 1799 accusatione
2532 1738 2635 1800 de·

307 1845 396 1898 est
437 1839 850 1917 praemunitio.
939 1838 1066 1899 vid.
1115 1838 1390 1918 Spengel.
1440 1858 1496 1918 p.
1546 1843 1669 1904 563
1715 1858 1803 1917 sq.

475 1939 712 2010 PauciS,
775 1959 849 2000 ne
905 1939 1044 2019 quid
1105 1958 1236 2001 mea
1281 1938 1454 2019 culpa
1498 1939 1679 2010 desit,
1729 1939 1959 2000 Ottonis
2002 1940 2238 2019 Hauptii
2285 1943 2638 2020 nuperrime

306 2040 600 2120 proditam
648 2040 1028 2120 (Fleckeisen.
1075 2044 1224 2102 Anu.
1274 2044 1433 2107 1861
1485 2059 1562 2100 m.
1610 2040 1752 2101 Nov.
1798 2060 1857 2120 p.
1905 2046 2030 2107 600
2076 2043 2224 2122 sqq.)
2284 2045 2636 2104 sententiam

305 2159 732 2222 proponamuS,
767 2143 867 2222 qui
896 2149 1062 2222 putat
1089 2143 1205 2223 55.
1238 2147 1520 2212 25-30,
1570 2141 1781 2201 deinde
1827 2141 1943 2222 55.
1991 2145 2301 2214 91-101,
2349 2152 2475 2204 tum
2520 2145 2635 2225 55.

307 2248 668 2314 177—186,
716 2245 825 2305 hos
869 2263 1077 2305 omnes
1118 2243 1282 2304 locos
1329 2263 1456 2306 esse
1500 2244 1733 2324 spurios
1778 2242 1853 2304 ob
1900 2243 2137 2305 dicendi
2182 2247 2469 2306 rationem
2520 2265 2635 2305 non

306 2345 643 2422 probatam,
703 2347 805 2424 qui
860 2363 1066 2407 omnes
1121 2345 1237 2405 loci
1279 2347 1409 2406 sine
1454 2352 1865 2406 contextorum
1914 2345 2229 2407 verborum
2274 2348 2488 2407 iniuria
2534 2346 2635 2408 ab·

307 2465 436 2510 esse
481 2449 724 2529 possint.
783 2449 1028 2509 Praeter
1073 2465 1196 2513 eos.
1219 2449 1478 2528 spuriam
1526 2467 1657 2510 esse
1702 2441 2299 2529 ἀνακεφαλαίωσιν
2330 2449 2394 2531 5.
2430 2455 2629 2517 315—

307 2555 429 2617 336
476 2557 752 2630 tanquam
799 2550 1112 2621 laxiorem,
1159 2569 1352 2630 neque
1398 2558 1561 2611 arcte
1607 2568 1967 2619 connexam,
2016 2550 2271 2630 denique
2317 2552 2455 2631 quia
2488 2552 2635 2613 Cha-

306 2658 494 2712 retem
572 2651 854 2713 asseclam
922 2652 1346 2713 Demosthenes
1409 2651 1531 2712 n'on
1598 2653 1783 2731 possit
1860 2650 2301 2729 reprehendere
2378 2653 2443 2733 5.
2493 2658 2634 2719 332.

307 2754 484 2825 Quasi
527 2752 677 2814 Phil.
723 2755 746 2814 1
791 2753 907 2834 55.
941 2760 1021 2819 45
1063 2774 1152 2834 sq.
1197 2755 1330 2816 Cor.
1378 2752 1444 2833 5.
1483 2758 1622 2817 145.
1670 2752 1821 2813 Fals.
1870 2751 1983 2831 leg.
2028 2752 2144 2833 55.
2189 2759 2289 2821 92.
2340 2760 2459 2819 147
2516 2752 2636 2815 lau-

306 2854 502 2916 dasset
527 2863 728 2915 orator
759 2876 894 2916 eum
925 2855 1370 2935 imperatorem!
1416 2854 1605 2916 Etiam
1640 2874 1671 2915 e
1702 2856 2024 2935 ‘suspectis
2053 2853 2198 2915 locis
2229 2854 2344 2935 55.
2378 2859 2638 2922 92—94’

306 2959 614 3036 repetitam
675 2976 803 3019 esse
863 2958 928 3039 5.
977 2962 1099 3025 333
1146 2964 1348 3017 censet
1391 2957 1477 3018 vir
1523 2956 1927 3026 doetissimuS,
1976 2974 2184 3017 vereor
2230 2974 2304 3016 ne
2349 2962 2593 3017 temere.

476 3059 601 3119 Hoc
631 3061 759 3138 ipso
790 3066 1088 3139 tempore,
1133 3077 1312 3139 quum
1345 3060 1498 3138 typis
1527 3060 1643 3119 iam
1689 3060 2013 3138 composita
2061 3064 2151 3118 est
2189 3058 2506 3137 praefatio,
2551 3059 2638 3119 oi*-

305 3162 495 3222 sertur
547 3162 692 3222 mihi
745 3160 976 3223 Ottonis
1027 3160 1334 3221 Ribbeckii
1399 3162 1693 3221 sententia
1746 3161 1819 3221 de
1872 3158 2184 3239 Epitaphio
2238 3159 2639 3221 Chaeronensi

309 3263 462 3339 (Cor.
509 3263 573 3344 5.
609 3266 780 3345 289),
829 3281 1004 3343 quam
1048 3262 1410 3323 clarissimus
1451 3264 1540 3322 vir
1581 3263 1643 3321 in
1683 3263 1845 3323 Novo
1890 3261 2114 3322 llelvet.
2158 3260 2305 3322 Mus.
2352 3265 2515 3327 1862
2560 3280 2637 3322 m.

305 3366 437 3427 Mai.
487 3385 544 3444 p.
581 3372 702 3431 147
733 3385 819 3446 sq.
867 3364 1192 3445 explicavit.
1257 3364 1320 3425 In
1365 3382 1478 3444 qua
1525 3363 1922 3443 disputatione
1968 3362 2353 3423 distichorum
2397 3362 2640 3423 secundi

306 3475 364 3527 et
396 3469 554 3527 tertii
583 3467 731 3528 ordo
763 3486 962 3528 secum
995 3473 1489 3527 commutatorum
1525 3484 1644 3525 non
1675 3466 1915 3525 omnino
1946 3463 2167 3543 placet,
2216 3466 2355 3545 quia
2386 3460 2643 3543 πάτρας

305 3563 505 3629 ἕνεκα
550 3577 608 3630 et
653 3562 900 3629 οὕνεκα
928 3561 1268 3647 Ἑλλήνων
1307 3569 1368 3627 in
1400 3585 1512 3627 una
1546 3568 1839 3629 sententia
1881 3572 1999 3625 tam
2033 3568 2364 3646 propinque
2396 3568 2638 3625 coniun-

307 3680 400 3731 cta
433 3673 524 3732 vix
555 3672 884 3732 iterationis
915 3672 1052 3730 vitio
1085 3688 1291 3731 carere
1321 3670 1611 3729 videntur.
1674 3667 1981 3747 Reliquam
2016 3670 2103 3729 vir
2134 3668 2509 3729 doctissimus
2540 3686 2638 3726 ex-

304 3773 679 3854 plicationem
714 3791 870 3833 nunc
903 3772 1152 3833 fortasse
1183 3772 1535 3832 retractarit.

475 3876 558 3937 De
604 3875 904 3935 codicibus
950 3882 1010 3934 et
1053 3873 1126 3935 de
1173 3874 1325 3934 notis
1369 3875 1666 3953 usurpatis
1724 3874 1961 3952 copiose
2006 3871 2327 3951 agebamus
2371 3872 2431 3931 in
2477 3870 2639 3931 Noti·

307 3981 384 4040 tia
440 3977 712 4040 codicum
769 3976 1010 4037 editioni
1056 3976 1408 4037 Contionum
1456 3974 2042 4036 Demosthenicarum
2102 3973 2446 4051 praemissa.
2536 3973 2639 4033 Se·

309 4082 428 4141 cuti
474 4098 676 4140 sumus
722 4086 915 4138 autem
963 4079 1136 4139 etiam
1184 4079 1245 4138 in
1290 4078 1402 4138 hac
1447 4078 1749 4157 proposita
1782 4074 2038 4135 editione
2084 4074 2349 4135 codicem
2387 4076 2639 4154 Epriu-

309 4183 534 4261 cipem,
584 4181 659 4241 ita
704 4191 929 4249 tamen,
978 4188 1042 4240 ut
1087 4182 1235 4240 ratio
1283 4178 1549 4239 valeret:

475 4284 632 4343 Haec
677 4284 1064 4362 scripseram,
1112 4300 1293 4361 quum
1327 4282 1646 4341 maximum
1678 4279 1909 4341 lucrum
1957 4280 2191 4341 exstitit.
2250 4280 2439 4340 Antea
2480 4280 2639 4339 enim
