3084 4938
336 1364 367 1386 ‘
510 1368 985 1436 EXGURSUS
1029 1369 1159 1434 AD
1199 1368 1451 1433 FALS.
1494 1368 1700 1434 LEG.
1747 1372 1808 1451 ξ.
1857 1376 2000 1439 136.
2057 1368 2208 1434 Not.
2261 1378 2322 1440 6.

396 1695 473 1761 ·θ)
510 1685 720 1761 πνεῦμ’
760 1693 827 1746 Σ.
864 1694 1072 1748 LaurS.
1107 1694 1256 1759 vulg.
1290 1720 1361 1730 —-
1394 1693 1551 1758 κῦμα
1587 1694 1731 1757 Fel.‚
1769 1693 1910 1745 unde
1949 1709 2138 1760 margo
2174 1694 2309 1745 Mor.
2383 1695 2566 1747 ‘Fort.

279 1780 441 1848 κῦμα
474 1780 566 1832 vel
603 1774 805 1846 ῥἐὗμα.
878 1795 1005 1830 nam
1050 1783 1249 1832 ventus
1295 1794 1405 1829 non
1440 1780 1619 1845 magis
1655 1782 1977 1829 inconstans
2015 1784 2098 1829 est
2133 1780 2192 1829 in
2228 1780 2366 1829 mari
2404 1795 2567 1845 quam

280 1865 473 1919 terra!
511 1864 978 1916 Marklandus.
1049 1865 1135 1914 De
1173 1856 1355 1929 ᾆεῦμα
1393 1863 1465 1913 cf.
1500 1862 1721 1913 Platon.
1759 1862 1901 1912 Tim.
1935 1879 1990 1928 p.
2028 1862 2094 1915 23
2129 1864 2200 1913 B:
2250 1851 2434 1929 ὥςπερ
2470 1860 2564 1916 νό-

280 1966 437 2018 σημα
465 1938 595 2015 ἥκει
627 1941 949 2014 φερόμενον
978 1938 1177 2007 αὐτοῖς
1205 1941 1387 2014 ᾆεῦμα
1415 1934 1710 2011 οὐράνιον.
1767 1948 1854 1997 De
1878 1944 2032 2011 κῦμα
2073 1947 2148 1997 cf.
2172 1948 2410 2014 Appian.
2439 1948 2476 1999 l.
2505 1951 2567 1999 in

278 2038 429 2087 notis
456 2036 579 2087 cit.:
632 2024 663 2086 ὖ
700 2027 765 2084 δὲ
802 2028 985 2100 δῆμός
1022 2024 1199 2097 ἔστιν,
1224 2022 1409 2098 ὥςπερ
1442 2028 1544 2083 καὶ
1569 2024 1638 2083 σύ
1662 2030 1774 2082 τῶν
1792 2022 2136 2097 Ἑλληνικῶν
2159 2022 2568 2097 ἀρτιδίδακτος

279 2108 362 2171 ὂν
400 2114 647 2186 ἔμαθες,
684 2109 1091 2184 α’σταῖθμητον,
1142 2106 1325 2184 ὥςπερ
1364 2108 1427 2168 ἐν
1462 2109 1729 2183 θαλάσσῃ
1764 2114 1920 2183 κῦμα
1956 2112 2317 2183 κινούμενον.
2392 2106 2425 2168 ὃ
2461 2111 2568 2183 μὲν

279 2194 495 2272 ἦλθεν,
534 2190 565 2254 ὃ
603 2194 659 2254 δ’
698 2193 984 2268 ἐπῆλθεν.
1062 2203 1282 2253 ‘Utrum
1318 2204 1626 2267 respexerit
1658 2202 1944 2268 Appianas
1980 2218 2156 2254 necne
2205 2202 2348 2253 hunc
2385 2202 2570 2255 locum

281 2288 691 2351 Demosthenis,
731 2287 1001 2338 correctio
1038 2290 1228 2337 nostra
1266 2291 1352 2337 est
1386 2287 1712 2337 necessaria
1759 2272 1813 2351 (3
1847 2280 1954 2353 μὲν
1992 2324 2005 2337 .
2033 2326 2046 2341 .
2073 2324 2086 2337 .
2124 2272 2158 2335 ὃ
2195 2280 2261 2337 δὲ
2296 2287 2358 2336 in
2395 2278 2427 2337 ὁ
2459 2282 2568 2353 μὲν

282 2413 296 2425 .
328 2415 341 2429 .
371 2415 383 2425 .
424 2368 455 2423 ὃ
495 2367 604 2437 δὲ).
677 2376 734 2423 et
777 2374 1073 2423 retinerem
1110 2387 1246 2435 sane
1285 2369 1578 2422 articulum
1616 2362 1647 2421 ὁ
1681 2386 1859 2436 neque
1898 2386 2072 2437 genus
2107 2374 2426 2422 mutassem.
2497 2372 2570 2423 ad

282 2460 463 2512 civem
516 2460 662 2510 enim
714 2457 976 2522 refertur,
1030 2472 1138 2507 non
1193 2455 1264 2507 ad
1315 2456 1574 2506 fluctum.’
1628 2453 1984 2520 Taylorus.
2056 2454 2242 2506 Etiam
2277 2454 2569 2508 Bekkerus

280 2561 428 2596 nunc
463 2532 497 2595 ὃ
531 2536 638 2609 μὲν
677 2581 688 2592 .
716 2579 730 2594 .
758 2577 773 2592 .
812 2529 843 2595 3
883 2535 964 2594 δὲ.
1036 2546 1096 2592 at
1140 2557 1247 2592 non
1296 2546 1562 2606 tauquam
1607 2544 1860 2590 neutrum
1907 2531 2100 2605 gemis.
2169 2539 2295 2592 Vid.
2335 2541 2405 2591 ad
2441 2540 2567 2592 Cor.

279 2634 327 2692 9.
374 2627 485 2680 169.
522 2655 591 2668 --
629 2627 717 2678 ‘Si
752 2627 1019 2694 vulgatae
1056 2625 1285 2693 πνεῦμα
1308 2625 1412 2676 hoc
1437 2625 1574 2676 licet
1599 2639 1894 2691 opponere,
1933 2623 2075 2689 quod
2111 2629 2308 2677 ventus
2343 2625 2402 2674 in
2439 2642 2566 2676 con-

280 2715 497 2765 tinente
550 2728 661 2764 non
706 2713 887 2762 minus
933 2726 1096 2778 quam
1144 2712 1201 2761 in
1250 2725 1485 2778 aequore
1533 2711 1710 2776 spiret
1754 2724 1926 2774 eoque
1975 2709 2058 2760 ais
2093 2723 2570 2774 supervacaneum

282 2813 406 2849 esse
445 2789 510 2848 ἐν
546 2789 826 2862 θαλάττῃ,
863 2796 1032 2846 multo
1070 2799 1250 2864 magis
1277 2787 1339 2848 ἐν
1364 2787 1626 2860 θαλάττῃ
1652 2795 1760 2845 erit
1795 2807 2286 2859 supervacaneum,
2327 2795 2376 2845 si
2411 2793 2568 2860 κῦμα

280 2888 524 2950 optetur.
571 2883 667 2933 ubi
706 2883 849 2933 enim
885 2881 1039 2947 κῦμα
1076 2887 1163 2932 est
1198 2881 1341 2932 alias
1378 2896 1541 2946 quam
1579 2881 1636 2930 in
1670 2879 1870 2930 mari?'
1908 2877 2258 2930 Beiskius.
2294 2903 2364 2915 —-
2400 2877 2570 2930 ‘Mihi

176 2971 185 2978 '
280 2967 686 3020 Demosthenes
722 2967 939 3018 videtur
974 2967 1057 3018 sic
1095 2971 1191 3017 aut
1226 2967 1517 3032 scripsisse
1555 2969 1652 3016 aut
1687 2963 1942 3015 debuisse
1979 2962 2237 3018 scribere.
2295 2965 2414 3016 Nec
2448 2963 2568 3030 pla-

283 3057 375 3104 cet
412 3051 657 3103 additum
691 3040 1119 3114 ἆκατοὶστατον,
1170 3051 1308 3116 quod
1354 3051 1481 3103 vide
1517 3067 1589 3101 ne
1627 3049 1796 3100 fuerit
1829 3049 2381 3115 interpretamentum
2414 3050 2572 3102 vocis

280 3129 776 3189 ἀσυνθετώτατον.
850 3135 961 3186 Sed
1005 3135 1207 3186 vellem
1251 3135 1395 3185 haec
1442 3134 1744 3185 similitudo
1788 3133 1846 3183 in
1893 3133 2084 3184 codice
2121 3135 2202 3185 sic
2238 3136 2448 3202 scripta
2484 3151 2570 3185 re-

282 3225 581 3290 periretur:
631 3209 813 3285 ὥςπερ
861 3211 925 3271 ἒν
969 3211 1231 3286 θαλάττῃ
1274 3216 1431 3285 κῦμα
1480 3210 1764 3284 πνεύματι
1808 3207 1883 3276 ὥς
1919 3205 1996 3268 ὁῖν
2029 3210 2173 3284 τύχῃ
2206 3211 2570 3287 κινούμενον.

282 3305 549 3374 Populum
588 3306 733 3356 enim
771 3306 1054 3372 aptissime
1094 3304 1401 3371 comparari
1438 3319 1560 3354 cum
1606 3304 1798 3364 fluctu,
1847 3301 2211 3368 demagogum
2248 3320 2368 3354 cum
2405 3309 2572 3356 vento

284 3393 404 3458 quis
444 3406 553 3442 non
588 3389 925 3457 intelligit?'
965 3389 1414 3442 Schaeferus.
1487 3387 1578 3441 cf.
1614 3387 1844 3439 Iohann.
1883 3385 2166 3450 chrysost.
2204 3386 2267 3438 Τ.
2302 3388 2390 3438 111
2425 3405 2478 3454 p.
2503 3387 2574 3438 50

283 3478 326 3528 Β
379 3477 463 3527 ed.
518 3475 697 3526 Mont:
758 3467 984 3541 κύματα
1042 3465 1292 3526 ἆπιόντα
1350 3471 1451 3525 καὶ
1513 3463 1827 3524 ἐπανιόντα
1887 3461 2143 3538 ἐμιμεῖτο
2201 3463 2264 3522 τὸ
2323 3470 2568 3538 πλῆθος.

286 3560 579 3612 Schacferi
616 3559 935 3611 coniectura
971 3560 1051 3610 ita
1086 3559 1298 3626 placuit
1336 3556 1632 3609 Shilletoni
1668 3561 1746 3619 ut,
1787 3557 2006 3607 inverso
2043 3561 2231 3615 tamen
2267 3557 2476 3620 ordine,
2515 3558 2574 3607 in

284 3652 491 3698 textum
531 3646 832 3712 reciperet:
874 3637 937 3694 ἓν
972 3644 1035 3698 θ’.
1072 3635 1354 3709 πνεύματι
1390 3641 1562 3708 κῦμα,
1604 3643 1734 3707 quia
1771 3641 2036 3692 facillime
2080 3643 2160 3693 T1
2194 3641 2413 3695 KTMA
2448 3647 2576 3708 post

286 3727 601 3783 ΠΝΕΤΜΑ
639 3727 924 3780 exciderit.
999 3727 1087 3782 cf.
1124 3729 1369 3780 Dobraei
1407 3727 1636 3779 Advers.
1672 3726 1736 3776 Τ.
1774 3727 1830 3776 11
1867 3742 1919 3792 p.
1951 3725 2065 3776 118.
2136 3727 2210 3778 At
2245 3743 2574 3794 quamquam

284 3817 405 3882 ipse
450 3813 854 3866 Demosthenes
903 3813 1027 3866 Cor.
1074 3815 1124 3874 ἕ.
1161 3811 1260 3864 308
1305 3812 1638 3862 Aeschinem
1695 3812 1777 3862 sic
1837 3813 2204 3877 comparavit:
2266 3805 2451 3878 ᾆήτωρ
2489 3803 2574 3873 ἐξ·

286 3901 505 3966 αίφνης
542 3891 603 3949 ἐκ
637 3897 742 3965 τῆς
776 3887 1021 3964 ἡσυχίας
1055 3887 1239 3960 ὥςπερ
1276 3887 1485 3963 πνεῦμ’
1526 3887 1746 3963 ἐφάνη,
1787 3895 2023 3946 fortasse
2059 3895 2413 3948 Herodoteae
2451 3911 2576 3947 sen-

284 3986 499 4036 tentiae
526 3983 671 4048 (Vll,
701 3981 783 4048 16)
810 3996 1032 4045 memor,
1073 3985 1261 4032 tamen
1294 3981 1556 4046 frigidius
1591 3981 1644 4031 h.
1668 3981 1709 4032 l.
1747 3981 1927 4046 imago
1962 3982 2118 4046 picta
2154 3985 2318 4032 esset.
2356 3980 2574 4032 Deinde

285 4085 407 4120 cum
445 4067 703 4119 fluctibus
741 4067 955 4134 quidem
996 4069 1307 4119 contionem
1355 4067 1666 4131 comparari
1713 4072 1896 4116 uotum
1936 4071 2037 4116 est.
2108 4065 2217 4116 Dio
2253 4065 2576 4130 Chrysosto-

284 4169 407 4205 mus
444 4153 540 4205 Or.
578 4152 664 4203 111
698 4169 753 4218 p.
788 4153 855 4202 44
882 4149 925 4200 C
964 4151 1053 4214 (===
1087 4151 1151 4202 T.
1192 4151 1221 4201 Ι
1256 4167 1307 4216 p.
1350 4148 1447 4199 116
1481 4150 1582 4216 R):
1617 4140 1656 4218 ἦ
1695 4143 1760 4200 δὲ
1799 4139 1929 4216 ἑξῆς
1963 4150 2195 4214 ποικίλη
2229 4146 2330 4200 καὶ
2365 4165 2576 4201 παντο-

285 4229 443 4303 δαπὴ
485 4228 639 4302 φορὰ
685 4227 982 4302 πλήθους,
1030 4227 1207 4288 οὐδὲν
1256 4229 1479 4295 εἰδότος
1514 4226 1742 4295 ἁπλῶς,
1781 4229 2207 4301 ταραττομένου
2244 4227 2309 4286 δὲ
2345 4224 2440 4286 οἷεὶ
2475 4233 2576 4285 καὶ

283 4315 690 4389 ἀγριαίνοντος
726 4312 843 4373 ὖπό
880 4310 1210 4372 ἀκολάστων
1246 4317 1634 4387 δημαγωγῶν,
1685 4307 1871 4384 ὥςπερ
1908 4317 2198 4378 κλυδῶνος
2231 4307 2441 4386 οἷγρίου
2475 4315 2575 4368 καὶ

284 4405 539 4474 χαλεποῦ
600 4397 716 4456 ὖπό
785 4394 1015 4471 ἀνέμων
1082 4403 1341 4470 σκληρῶν
1399 4399 1918 4471 μεταβαλλομένου.
1988 4402 2274 4456 Plutarch.
2326 4403 2464 4455 Mor.
2516 4418 2571 4467 p.

287 4491 391 4544 788
426 4491 489 4544 C.
529 4506 653 4556 cap.
690 4489 725 4540 8
759 4491 807 4552 g.
845 4485 907 4541 6:
952 4481 1054 4539 τὸν
1101 4479 1273 4554 ὄχλον
1316 4477 1499 4553 ὥςπερ
1546 4481 1848 4540 θάλατταν
1881 4479 1999 4540 ὑπὸ
2035 4477 2377 4555 πνευμάτων
2413 4477 2574 4537 ἐκτα-
