3084 4938
554 336 633 399 72
1140 347 1582 391 nenos-rrimus
1611 346 1846 391 om‘rro
1877 347 1962 389 nr.
1993 346 2258 389 cenom.

555 509 677 587 ἕως
722 500 1068 575 ἀπώλεσεν
1114 499 1341 591 Θήβας
1354 556 1375 591 ,
1424 502 1614 593 μέχρι
1657 498 1898 573 τούτου
1913 495 1938 534 ⁷
1973 496 2264 582 Εὔδικος
2277 493 2304 535 ⁸
2351 500 2462 570 καὶ
2501 512 2720 591 Σῖμος
2733 496 2766 535 ⁹
2815 496 2856 573 ὅ

554 600 1005 699 Λαρισαῖος,“0
1063 608 1185 687 ἕως
1238 610 1604 675 Θετταλίαν
1655 598 1786 673 ὑπὸ
1837 597 2212 697 onningun
2271 605 2606 691 ἐποίησαν.
2707 601 2853 673 εἶτ’

557 700 1082 799 ἐλαυνομένων12
1128 708 1239 777 καὶ
1288 701 1738 795 ὑβριζομένων
1755 697 1800 737 ¹³
1851 706 1961 774 καὶ
2011 712 2082 775 τί
2123 700 2331 775 κακὸν
2365 700 2516 795 οὐχὶ
2549 704 2854 796 πασχόν-

554 917 820 973 risseeus.
860 911 987 967 dum
1030 910 1281 984 Philippo
1312 908 1646 965 Thessaliam
1690 908 2055 965 subiecerunt.
2129 916 2242 964 tum
2283 911 2568 981 exagitatis
2611 920 2670 967 et
2706 930 2854 969 cou-

556 996 840 1055 tumeliose
896 996 1142 1053 tractatis
1188 1002 1244 1050 el.
1290 994 1420 1069 quid
1468 993 1594 1049 mali
1647 1010 1756 1049 non
1813 994 2089 1067 perpessis
2147 998 2296 1048 totus
2351 994 2502 1049 orbis
2563 1002 2851 1053 terrarum

554 1211 753 1261 Matth.
802 1210 893 1261 Gr.
940 1210 987 1271 5.
1024 1208 1093 1260 49
1128 1208 1219 1259 fin.
1274 1208 1521 1259 Boeckh.
1561 1208 1724 1273 Corp.
1760 1208 1930 1257 Inser.
1967 1206 2238 1259 Boeotiea
2271 1207 2393 1259 Vol.
2429 1209 2472 1259 Ι.
2508 1226 2560 1275 p.
2597 1210 2699 1260 746
2731 1214 2848 1263 No.

558 1295 713 1347 1569:
760 1292 1055 1347 TIMOAA
1088 1294 1127 1343 i.
1162 1309 1211 1343 ο.
1246 1288 1483 1359 Τιμόια.
1589 1291 1641 1355 7)
1677 1283 1882 1343 τούτου
1917 1292 2125 1343 Latus,
2159 1278 2310 1359 vul'g.
2353 1320 2408 1330 -
2449 1308 2552 1367 ‘93’
2576 1294 2726 1365 ΝΣ,
2757 1297 2846 1345 21-

554 1386 731 1430 terum
777 1394 878 1429 του
914 1378 1021 1429 add
1058 1378 1315 1443 antiquus
1352 1392 1491 1427 corr.
1529 1404 1595 1413 —
1631 1376 1735 1427 τοῦ
1771 1378 1940 1427 etiam
1977 1392 2140 1443 supra
2177 1383 2264 1439 ter
2276 1435 2285 1441 ⁸
2288 1394 2393 1443 pro
2431 1372 2638 1429 τούτου
2675 1380 2850 1447 trige-

554 1464 701 1513 mino
748 1462 935 1515 volunt
970 1461 1361 1525 Marklandus,
1412 1467 1468 1511 et
1504 1460 1717 1512 Bakius
1755 1462 1826 1512 ad
1861 1461 2046 1529 Apsin.
2085 1478 2137 1527 p.
2179 1461 2270 1513 191
2314 1478 2434 1513 cum
2472 1465 2630 1530 signo
2667 1464 2844 1515 inter-

555 1548 863 1613 rogationis
902 1552 1033 1597 ante
1071 1540 1189 1603 ἕως.
1260 1546 1442 1596 Bakio
1492 1546 1802 1597 adsentitur
1828 1546 2069 1597 Cobetus
2105 1545 2176 1595 ad
2199 1546 2526 1597 Philostrati
2554 1548 2846 1613 Gymnast.

554 1649 607 1699 p.
644 1632 728 1681 45.
802 1631 1126 1697 ‘Vulgatam
1164 1631 1301 1681 satis
1336 1636 1559 1681 tuentur
1593 1636 1650 1681 et
1683 1630 1814 1681 libri
1837 1630 2252 1681 Demosthenici
2289 1632 2346 1681 in
2385 1648 2454 1682 ea
2492 1634 2848 1684 eonsentien-

554 1722 640 1767 tes
666 1721 723 1767 et
745 1716 1015 1786 Technici
1038 1716 1183 1766 hunc
1207 1716 1387 1766 locum
1419 1715 1623 1765 diserte
1651 1713 1927 1765 citantes!
1955 1714 2210 1767 Schaef
2221 1730 2388 1766 erus.
2453 1716 2679 1783 Διπλῆς
2705 1709 2844 1769 ἐπα-

557 1798 820 1865 ναφορᾶς
857 1802 1160 1867 exemplum
1198 1800 1373 1851 citant
1408 1800 1663 1866 Hermog.
1701 1800 1804 1850 Rh.
1828 1798 1892 1849 T.
1919 1798 2004 1849 111
2027 1817 2078 1866 p.
2105 1800 2221 1851 253.
2247 1816 2298 1866 p.
2323 1798 2442 1851 256.
2468 1818 2522 1867 p.
2545 1802 2666 1853 284.
2721 1802 2842 1853 Ma-

555 1885 733 1937 ximus
768 1886 999 1937 Planud.
1037 1886 1101 1935 T.
1140 1884 1187 1933 V
1221 1901 1274 1950 p.
1312 1884 1431 1935 502.
1468 1901 1520 1950 p.
1559 1884 1675 1936 503.
1728 1884 1996 1948 Anonym.
2033 1885 2096 1935 T.
2134 1884 2276 1935 vnb
2312 1901 2364 1950 p.
2403 1882 2552 1939 1010.
2603 1888 2666 1937 Τ.
2705 1888 2840 1938 VIII

528 1954 607 2036 ’μ
644 1969 762 2022 639.
814 1967 1080 2019 Alexand.
1118 1968 1183 2019 T.
1220 1968 1352 2018 vm
1386 1984 1439 2033 p.
1477 1968 1578 2017 447
1614 1973 1728 2019 not.
1765 1970 1852 2018 w.
1887 1986 1940 2035 p.
1979 1966 2095 2019 463.
2149 1968 2338 2019 Tiber.
2374 1970 2478 2019 Ru.
2516 1970 2581 2021 T.
2619 1972 2751 2022 vm
2783 1990 2840 2039 p.

554 2053 672 2103 558.
742 2052 1212 2118 Interrogatioues
1250 2068 1368 2101 cum
1406 2052 1685 2118 responsis
1722 2057 1832 2102 tam
1871 2053 2144 2103 cumulate
2171 2055 2444 2119 repetitae
2471 2070 2606 2105 meo·
2621 2057 2839 2121 quidem

554 2136 739 2187 sensui
786 2136 963 2191 minue
1008 2136 1247 2203 placent.
1318 2139 1403 2187 De
1454 2136 1688 2188 formula
1733 2136 1958 2187 dicendi
1993 2132 2156 2204 μέχρι
2193 2130 2424 2201 τούτου,
2477 2132 2580 2197 ἕως
2619 2140 2690 2189 cf.
2731 2142 2838 2191 Xe-

556 2218 717 2287 noph.
756 2220 918 2274 Mem.
944 2221 1037 2285 IV,
1078 2221 1107 2270 7
1144 2222 1193 2282 5.
1230 2222 1280 2273 2.
1318 2222 1535 2289 Platon,
1575 2220 1858 2273 Phaedon.
1895 2238 1947 2289 p.
1984 2221 2046 2272 81
2087 2222 2156 2272 D.
2192 2249 2258 2257 —-
2293 2216 2458 2289 μέχρι
2494 2219 2703 2275 τούτου
2739 2210 2840 2276 αὖ-

553 2302 676 2369 τοῦ,
716 2296 818 2363 ἕως
852 2304 999 2355 Plat.
1035 2305 1327 2357 Theaetet.
1366 2324 1417 2372 p.
1457 2305 1556 2357 169
1591 2307 1654 2361 A.
1695 2335 1758 2343 —
1793 2300 1958 2373 μέχρι
1993 2298 2292 2371 τοσούτου,
2331 2301 2434 2366 ἕως
2469 2308 2644 2359 Thue.
2681 2310 2736 2371 1,
2773 2308 2842 2359 90

553 2392 601 2451 5.
638 2388 691 2439 3.
731 2414 787 2423 -
826 2388 960 2439 Post
992 2384 1157 2456 μέχρι
1194 2382 1397 2443 τούτου
1433 2398 1518 2442 est
1553 2408 1747 2458 pausa.
1853 2390 1906 2457 8)
1946 2380 2249 2456 εὐδόκιμος
2285 2391 2438 2443 Pall.
2475 2392 2647 2446 AldT.
2687 2396 2836 2445 Keil.

554 2474 790 2540 specim.
828 2475 1083 2527 Onomat.
1122 2493 1174 2542 p.
1211 2476 1295 2531 59.
1339 2504 1403 2512 -
1452 2466 1705 2544 εὸδημος
1741 2477 2007 2528 Alexand.
2044 2493 2096 2542 p.
2134 2475 2250 2530 447.
2289 2503 2353 2512 -
2388 2464 2593 2536 ἄδικος
2627 2497 2678 2530 u.
2751 2480 2839 2530 cf.

553 2559 699 2610 Keil.
734 2559 895 2610 Anal.
932 2576 985 2625 p.
1022 2559 1137 2611 230.
1174 2587 1241 2596 ·—-
1278 2562 1435 2624 Quod
1472 2558 1507 2611 δ
1545 2563 1602 2612 in
1639 2558 1864 2619 ευδιιιος
1901 2559 1958 2610 Σ
1987 2560 2138 2610 linea
2174 2561 2414 2622 notavit,
2457 2563 2678 2629 signum
2715 2580 2838 2616 esse

552 2643 787 2694 nominis
824 2645 1031 2710 proprii
1066 2661 1281 2696 censeo.
1386 2645 1440 2710 9)
1478 2639 1642 2711 σιμὸς
1680 2646 1848 2694 etiam
1883 2645 2158 2711 proprium
2195 2661 2392 2696 nomen
2428 2662 2596 2714 saepe
2623 2649 2838 2699 inveni-

554 2733 659 2778 tur.
729 2729 999 2796 Harpoer.
1046 2729 1196 2780 Suid.
1238 2731 1425 2781 Tiber.
1464 2736 1570 2780 ete.
1619 2756 1684 2764 —
1731 2726 1893 2794 σίμος
1939 2728 2154 2802 Aldetc.
2205 2729 2360 2780 Pall.
2411 2731 2540 2782 Urb.
2577 2733 2720 2798 Aug.
2757 2731 2838 2788 Ω.

554 2817 612 2862 et
656 2811 774 2864 alii.
818 2839 885 2850 —
932 2811 1130 2879 (σῆμος
1167 2813 1343 2868 Sturz.
1382 2814 1578 2864 Adnot.
1617 2829 1739 2863 nov.
1779 2813 1850 2874 ad
1885 2814 2064 2876 Etym.
2102 2814 2175 2862 M.
2214 2830 2265 2878 p.
2309 2813 2398 2876 18,
2445 2815 2554 2865 nisi
2589 2822 2689 2867 aut
2723 2815 2839 2883 Δῆ-

551 2911 657 2960 μος
704 2903 799 2948 aut
834 2895 1032 2964 Σῆμος
1071 2899 1130 2948 in
1164 2897 1399 2962 Etymol.
1452 2897 1881 2964 relinquendum.
1955 2913 2080 2947 nam
2117 2899 2190 2948 cf.
2229 2897 2373 2949 Keil.
2412 2899 2650 2966 Specim.
2691 2902 2839 2952 Ono·

554 2987 685 3032 mat.
724 2998 776 3048 p.
813 2981 921 3048 94.)
969 3009 1032 3017 —
1078 2983 1270 3048 σεῖμος
1306 2983 1575 3034 Alexand.
1612 2999 1665 3048 p.
1706 2981 1821 3033 147.
1864 3010 1918 3019 -
1960 2996 2121 3048 σιμος
2157 2983 2214 3034 Σ
2243 2984 2408 3034 Near.
2447 2988 2494 3048 5.
2531 2987 2614 3035 24.
2653 3013 2716 3023 —-
2756 2989 2840 3037 σί-

551 3081 657 3131 μος
702 3063 909 3116 LaurS.
955 3067 1128 3132 Aug-l.
1174 3067 1223 3116 k.
1269 3085 1322 3132 p.
1370 3085 1415 3122 r.
1462 3085 1505 3118 s.
1554 3065 1762 3130 Vindl,
1801 3067 1932 3118 —alii.
2005 3069 2196 3122 Recte.
2272 3075 2536 3120 accentus
2584 3072 2732 3122 enim
2781 3072 2838 3121 in

550 3149 769 3214 proprio
805 3151 1023 3200 nornine
1062 3151 1421 3202 retrahendus
1460 3156 1545 3202 est
1583 3157 1638 3201 et
1673 3150 1893 3214 syllaba
1926 3151 2259 3217 producitur.
2332 3151 2418 3204 Cf.
2446 3157 2494 3217 5.
2524 3153 2638 3208 164.
2664 3161 2677 3168 “
2711 3155 2836 3206 vid.

554 3232 840 3287 Schaefer.
889 3234 958 3284 ad
996 3235 1220 3300 Gregor.
1262 3236 1384 3286 Cor.
1421 3253 1475 3303 p.
1512 3235 1630 3287 290.
1686 3236 1834 3287 Keil.
1870 3237 2031 3289 Anal.
2069 3254 2120 3304 p.
2161 3237 2277 3287 172.
2331 3237 2580 3290 Lobeck.
2617 3238 2836 3290 Parali-

551 3333 694 3385 pom.
731 3334 783 3385 p.
821 3315 918 3370 341
957 3335 1035 3384 sq.
1143 3319 1227 3384 10)
1264 3313 1325 3371 οἱ
1358 3321 1682 3384 λαρισσαῖοι
1715 3337 1810 3372 sec
1845 3337 1898 3370 m
1933 3321 2140 3372 LaurS.
2176 3321 2324 3388 vulg.
2367 3348 2422 3358 —
2464 3315 2526 3372 οἱ
2547 3321 2838 3388 inescatos

552 3439 689 3488 Bav.
725 3437 898 3502 Augl.
923 3438 974 3488 4.
1009 3454 1059 3488 r.
1094 3437 1287 3499 Vindl.
1314 3439 1363 3490 3.
1388 3441 1437 3490 4.
1474 3465 1545 3476 --
1577 3431 1609 3490 ὅ
1646 3402 1909 3505 lactuca?
1945 3439 2001 3502 (i.
2029 3457 2076 3490 e.
2103 3431 2134 3490 ὁ
2162 3439 2510 3504 lueto-ratae)
2535 3457 2602 3506 pr
2623 3441 2836 3494 [ιω-8.

550 3548 621 3560 —
664 3513 697 3573 ὁ
742 3522 1072 3586 λαρισσαῖος
1116 3513 1169 3583 (ὁ
1216 3522 1542 3588 λαρησαίος.
1591 3517 1651 3574 οἰ
1689 3523 2011 3587 λαρισσαῖοι
2047 3525 2187 3588 var.)
2227 3523 2492 3576 Alexand.
2529 3541 2582 3590 p.
2619 3527 2739 3578 447.
2775 3543 2833 3592 p.

551 3604 669 3655 463.
714 3631 782 3643 -—-
826 3597 859 3657 ὁ
904 3606 1197 3671 λαρισαῖος
1234 3607 1301 3658 Σ.
1372 3608 1459 3657 De
1505 3608 1778 3674 scriptura
1813 3599 2037 3672 Λάρισα
2085 3609 2159 3659 cf.
2208 3611 2246 3660 f.
2285 3607 2394 3675 leg.
2429 3611 2477 3670 5.
2521 3609 2636 3662 163.
2709 3611 2832 3661 Vid.

554 3687 785 3738 Eckhel.
830 3689 899 3743 D.
947 3691 1013 3741 N.
1060 3691 1123 3740 T.
1162 3691 1218 3740 11
1262 3707 1314 3756 p.
1365 3690 1479 3741 141.
1538 3692 1782 3744 Boeckh.
1831 3693 1990 3758 Corp.
2039 3693 2210 3744 Inscr.
2246 3695 2302 3743 T.
2341 3695 2368 3744 1
2403 3694 2504 3744 No.
2545 3693 2691 3746 1773.
2729 3696 2830 3746 No.

555 3769 703 3822 1792.
762 3773 1008 3839 Poppon.
1054 3773 1311 3841 Prolegg.
1349 3775 1519 3829 Thuc.
1558 3776 1622 3827 Τ.
1659 3779 1686 3826 1
1723 3779 1786 3827 P.
1826 3776 1851 3828 1
1890 3795 1943 3844 p.
1980 3775 2098 3828 210.
2169 3778 2510 3829 Testimonia
2547 3779 2830 3830 Gramma·-

552 3857 781 3907 ticorum
828 3857 885 3908 in
931 3857 1119 3924 Steph.
1154 3859 1319 3910 Thes.
1356 3860 1544 3911 Didot.
1581 3876 1625 3912 s.
1662 3877 1712 3915 v,
1753 3889 1818 3898 —-
1853 3862 2160 3930 Singularis
2204 3878 2462 3918 numerus
2509 3864 2562 3914 h.
2611 3862 2650 3914 l.
2695 3864 2832 3915 satis

552 3941 961 3993 commendatur
996 3958 1078 4006 eo,
1119 3943 1259 4008 quod
1294 3960 1397 3996 nec
1432 3945 1663 4010 reliquis
1699 3961 1864 4014 supra
1899 3948 2064 3998 dictis
2098 3948 2405 4000 nominibus
2441 3947 2649 4015 gentile
2677 3949 2828 3999 addi-

549 4035 663 4090 tur,
721 4027 899 4077 Simus
947 4033 1131 4079 autem
1174 4033 1295 4079 erat
1341 4031 1658 4080 accuratius
1703 4030 2123 4098 significandus,
2179 4037 2242 4082 ut
2285 4033 2716 4099 distingueretur
2759 4032 2828 4082 ab

550 4112 679 4163 aliis
714 4111 819 4162 hoc
855 4113 1073 4164 nornine
1108 4112 1417 4165 hominibus
1454 4118 1568 4164 tum
1593 4115 1826 4164 fortasse
1851 4115 1910 4164 in
1933 4115 2228 4166 Thessalia
2253 4116 2566 4183 agentibus.
2635 4118 2826 4183 Neque

548 4213 681 4248 vero
717 4197 958 4248 Eudicus
995 4198 1065 4249 ab
1103 4197 1215 4248 ullo
1252 4197 1476 4263 antiquo
1510 4198 1780 4262 scriptore
1806 4197 2054 4250 Aleuada
2088 4199 2307 4263 dicitur,
2346 4201 2402 4252 id
2439 4201 2583 4267 quod
2605 4202 2711 4252 viri
2733 4202 2824 4252 do-

550 4281 629 4332 cti
664 4297 838 4347 nuper
869 4282 1249 4347 perhibebant.
1368 4281 1451 4347 11)
1489 4279 1778 4333 Φίλιππον
1811 4283 2146 4335 Benselerus
2179 4285 2334 4336 Hiat.
2371 4303 2425 4352 p.
2461 4285 2530 4336 94
2567 4287 2822 4338 coniecit.

549 4363 621 4416 At
654 4365 763 4416 vid.
801 4366 1057 4434 Prolegg.
1098 4368 1337 4418 Gramm.
1372 4368 1420 4430 5.
1461 4366 1524 4419 13
1561 4383 1612 4432 p.
1642 4365 1722 4419 13.
1829 4366 1916 4432 12)
1953 4355 2412 4444 ἕξεὶᾳννομὲνων
2435 4371 2630 4422 Vind5.
2737 4369 2826 4432 13)
