3084 4938
479 364 601 427 728

545 532 591 591 5.
617 526 698 577 88.
739 556 800 563 -
834 524 932 579 καὶ
967 518 1304 579 τούναντίον
1339 527 1379 575 f.
1404 526 1514 591 leg.
1541 528 1590 587 5.

545 594 666 647 296.
713 624 780 631 -
827 594 926 647 καὶ
951 593 1314 661 παραχρῆμα.
1342 596 1380 647 f.
1407 594 1516 711 leg.
1544 596 1591 653 5.

549 663 662 716 137.
688 692 752 700 -
775 662 873 715 καὶ
899 656 1006 729 γὰρ
1025 663 1212 715 τοῦτο.
1235 664 1275 713 f.
1290 662 1396 727 leg.
1411 664 1485 723 ξ..
1514 662 1590 712 14.

545 760 614 769 —
637 730 735 783 καὶ
853 748 916 798 γε
944 732 1066 781 Cor.
1087 734 1132 793 5.
1160 730 1276 783 210.
1303 756 1370 764 —
1394 727 1592 781 καὶ

548 815 610 865 γε
636 801 692 849 in
719 800 922 850 interro
966 800 1171 849 atione.
1199 799 1237 848 f.
1266 798 1374 863 leg.
1401 799 1449 859 5.
1474 794 1592 850 250.

549 896 611 903 -
660 866 757 919 καὶ
886 866 922 918 ὃ
954 906 966 918 .
993 866 1115 920 Cor.
1141 868 1187 927 ἓ.
1213 866 1331 915 215.
1379 892 1446 900 -—-
1493 862 1593 915 καὶ

545 928 662 1001 μὴν
693 933 791 986 καὶ
829 937 865 987 f.
890 935 998 1007 leg.
1024 936 1071 996 5.
1097 932 1180 983 87.
1231 960 1296 968 -
1317 930 1460 1010 ,εἴτε
1494 930 1593 983 καὶ

548 1004 672 1053 Cor.
699 1004 779 1064 55.
804 1002 888 1051 57.
915 1002 996 1052 58.
1035 1030 1102 1039 ——
1134 998 1234 1053 καὶ
1257 1018 1336 1067 μη
1362 1001 1593 1050 inusita-

548 1072 675 1133 tiu3‚
705 1086 864 1135 quam
890 1062 969 1137 μή
994 1071 1050 1119 in
1077 1069 1438 1134 oppositione.
1469 1066 1592 1116 Cor.

547 1142 592 1200 5.
619 1137 736 1189 265.
764 1166 822 1175 --
852 1136 950 1190 καὶ
975 1129 1102 1189 τότε
1127 1139 1274 1187 etiam
1299 1145 1430 1187 tunc.
1467 1135 1593 1185 Cor.

548 1210 593 1267 5.
623 1206 736 1256 141.
761 1234 825 1241 -
854 1203 980 1269 καὶ,
1008 1220 1122 1256 var.
1147 1204 1354 1267 καίτοι,
1383 1202 1593 1268 simpli-

506 1288 512 1293 ’
551 1275 666 1323 cior
701 1277 756 1323 et
787 1274 1010 1338 gravior
1043 1272 1366 1322 coniunctis.
1395 1270 1516 1321 Cor.
1544 1272 1593 1331 5.

553 1340 663 1392 100.
690 1366 754 1375 -—
780 1337 879 1391 καὶ
905 1334 1012 1406 ’γάρ
1036 1340 1392 1389 inculcatum.
1422 1340 1459 1388 f.
1485 1338 1593 1401 leg.

547 1410 594 1469 5.
620 1406 735 1457 269.
776 1408 898 1460 Cor.
927 1410 976 1468 5.
1003 1406 1088 1457 61.
1113 1434 1178 1443 —
1212 1404 1312 1458 καὶ
1349 1405 1592 1456 inculca-

549 1482 662 1525 tum
709 1480 838 1525 anto
884 1465 1034 1526 καθ’
1075 1474 1200 1525 Cor.
1227 1476 1275 1535 5.
1303 1474 1386 1522 77.
1435 1474 1480 1533 5.
1509 1470 1593 1523 33.

549 1570 614 1579 -—
637 1541 736 1594 καὶ
761 1542 1098 1593 inculcatum
1126 1548 1254 1595 ante
1273 1557 1441 1592 κατα.
1469 1540 1592 1591 Cor.

545 1613 593 1673 5.
626 1610 738 1661 155.
789 1638 855 1647 --
899 1609 997 1662 καὶ
1043 1601 1208 1676 ὑμεῖς
1253 1608 1593 1675 inculcatum

549 1678 672 1731 Cor.
697 1682 742 1739 5.
771 1678 859 1727 50.
907 1704 974 1713 -
1021 1674 1118 1729 καὶ
1169 1694 1256 1727 om
1291 1682 1416 1743 post
1448 1666 1595 1728 οὕτω

548 1746 672 1796 Cor.
692 1746 837 1807 576.
867 1774 926 1783 -—
953 1744 1050 1797 καὶ
1079 1746 1283 1795 excidit
1308 1745 1428 1795 Cor.
1448 1744 1593 1805 §AL

549 1842 612 1849 —
638 1812 736 1867 καὶ
763 1814 968 1863 excidit
989 1820 1114 1864 ante
1135 1805 1280 1864 καθ’
1308 1812 1432 1864 Cor.
1448 1812 1592 1873 §.17.

547 1910 612 1917 —
638 1879 738 1934 καὶ
763 1873 977 1933 τούτων
1003 1882 1210 1931 excidit
1234 1880 1597 1941 Cor.5.4l.·-

549 1947 648 2002 καὶ
673 1976 737 1985 --
762 1942 870 2029 29⁸²?
907 1950 1118 1999 consus.
1155 1948 1279 1998 Cor.
1316 1949 1364 2009 5.
1402 1948 1482 1999 35.
1529 1974 1595 1981 —

552 2015 650 2068 καὶ
674 2043 743 2053 ·—
766 2034 802 2081 η
831 2018 1042 2066 consus.
1071 2016 1193 2066 Cor.
1221 2018 1269 2077 5.
1295 2014 1378 2064 99.
1408 2042 1470 2051 —
1497 2012 1596 2065 καὶ

549 2082 679 2136 νυνὶ
706 2088 762 2133 et
783 2082 952 2148 κοινῇ
979 2084 1194 2134 confus.
1222 2085 1260 2132 f.
1286 2083 1394 2147 leg.
1416 2085 1463 2143 5.
1487 2080 1596 2133 190.

550 2180 611 2187 —
639 2147 735 2202 καὶ
762 2144 831 2201 τὰ
858 2178 920 2187 —-
947 2144 1095 2203 κατὰ
1122 2146 1192 2202 τὰ
1229 2152 1439 2201 consus.
1470 2150 1596 2199 Cor.

549 2219 690 2279 5.75.
718 2246 786 2254 —-
809 2216 908 2271 καὶ
929 2224 986 2269 et
1005 2210 1079 2279 ὥς
1105 2218 1313 2268 confus.
1329 2219 1595 2280 Anonym.

548 2289 770 2353 Argum.
798 2287 922 2337 Cor.
948 2288 994 2347 5.
1021 2288 1067 2339 5.
1095 2314 1158 2323 —-
1194 2284 1292 2338 καὶ
1318 2280 1392 2345 ὥς
1419 2292 1474 2335 et
1498 2283 1599 2338 καὶ

554 2355 768 2405 confus.
797 2356 836 2405 f.
863 2355 974 2421 leg.
1001 2357 1046 2417 5.
1071 2354 1189 2406 235.

481 2436 684 2493 καινὸν
706 2468 775 2478 —-
799 2434 982 2492 κακὸν
1008 2441 1222 2492 consus,
1257 2438 1380 2492 Cor.
1405 2440 1453 2500 5.
1488 2438 1598 2490 140.

484 2518 515 2578 ὁ
551 2519 749 2590 καιρός
784 2529 819 2577 i.
849 2543 896 2575 e.
934 2519 1003 2576 τὰ
1051 2518 1306 2590 μέλλοντ’
1361 2520 1599 2576 ἔσεσθαι

552 2594 674 2646 Cor.
703 2597 749 2654 5.
778 2593 894 2644 189.
927 2620 982 2627 -
1027 2585 1089 2644 ἓν
1116 2591 1190 2657 τῷ
1213 2585 1454 2657 παρόντι
1477 2593 1599 2642 nino

550 2661 747 2727 καιρῷ.
777 2661 898 2711 Cor.
925 2662 971 2723 5.
997 2661 1113 2714 253.

483 2746 673 2798 καίτοι
697 2771 760 2782 -
786 2743 884 2797 καὶ
921 2745 1134 2796 οοιιὴιε.
1173 2745 1296 2796 Cor.
1334 2747 1382 2806 5.
1421 2745 1500 2794 14.
1535 2771 1596 2780 -—-

551 2813 741 2864 καίτοι
769 2812 934 2865 τοῦτο
961 2813 1232 2866 absoluto.
1262 2812 1384 2865 Cor.
1411 2815 1456 2875 5.
1487 2811 1599 2866 123.

483 2891 636 2948 κακὰ
663 2925 726 2934 —
749 2890 898 2948 καλὰ
925 2897 1136 2962 comus,
1164 2897 1286 2950 Cor.
1311 2899 1359 2958 5.
1381 2896 1463 2949 63.

483 2966 882 3048 κακαγγεζεῖν.
909 2965 1034 3014 Cor.
1059 2967 1110 3025 5.
1135 2964 1251 3017 267.
1323 3024 1336 3044 ,
1427 3025 1442 3042 .

484 3049 674 3150 καὸιὲιὲ
699 3048 1038 3159 ἔαῖτῖοὲρητα
1072 3027 1260 3098 λέγειν
1301 3033 1598 3098 αλληλους.

483 3183 818 3249 Καλαμίτης
841 3183 1021 3234 heros.
1051 3184 1176 3237 Cor.
1202 3186 1250 3246 5.
1281 3183 1395 3236 129.

483 3242 892 3317 καλοκάγαθία
919 3251 1002 3310 εἰς
1029 3269 1158 3303 τινα
1193 3253 1313 3305 Cor.
1339 3255 1387 3313 5.
1417 3251 1530 3302 118.

483 3318 675 3371 καλῶν
709 3325 765 3369 et
799 3311 1106 3372 ἀποκαλῶν
1141 3321 1350 3371 consus.
1400 3320 1438 3374 f.
1488 3320 1599 3386 leg.

552 3389 605 3449 ς.
629 3385 745 3439 246.

484 3465 862 3602 κάέλιισταιὸιι
905 3467 1149 3540 μάλιστα
1207 3473 1417 3526 consus,
1475 3473 1601 3525 Cor.

585 3580 598 3594 .
681 3557 732 3594 n.
825 3577 839 3593 .

484 3617 596 3678 κᾶν
621 3655 686 3664 ——
711 3618 868 3692 κάγώ
897 3627 1108 3677 consue.
1147 3625 1271 3677 Cor.
1297 3627 1346 3688 5.
1377 3625 1489 3680 112.

486 3711 662 3762 Casus
699 3712 768 3761 ad
801 3727 966 3761 unum
997 3711 1222 3762 verbum
1248 3711 1455 3777 positus
1481 3727 1604 3778 per·

551 3781 696 3830 tinet
715 3779 886 3829 etiam
915 3779 984 3829 ad
1010 3779 1258 3830 alterum.
1287 3779 1409 3829 Cor.
1427 3781 1473 3840 5.
1491 3778 1603 3830 176.

485 3857 634 3917 κατὰ
659 3859 866 3928 κράτος
889 3869 1016 3930 post
1039 3856 1102 3916 ἐκ
1135 3861 1450 3930 προςβολῆς
1477 3864 1605 3943 fori:²

553 3933 912 3982 inculcatum.
954 3932 991 3984 f.
1017 3931 1124 3997 leg.
1151 3935 1197 3993 5.
1225 3931 1308 3983 61.
1347 3960 1408 3968 -
1457 3948 1607 3983 κατα

553 3990 788 4129 50:3⁹0?
800 4001 949 4117 {1130'
982 4003 1054 4050 Μ
1073 4002 1606 4119 2.

552 4141 816 4201 tempore.
843 4137 881 4185 f.
909 4135 1017 4202 leg.
1043 4137 1089 4196 5.
1117 4135 1232 4186 251.
1257 4161 1326 4170 ·-
1348 4127 1478 4186 κατ’
1505 4125 1603 4186 ἅν-

554 4202 664 4269 δρα
718 4209 774 4254 et
820 4198 1015 4263 πόλεις
1062 4195 1190 4255 ὅλαι
1238 4208 1597 4268 opponuntur.

557 4271 679 4324 Cor.
703 4273 751 4333 5.
777 4271 895 4323 271.
931 4299 992 4308 —
1041 4267 1189 4322 κατὰ
1217 4276 1272 4321 et
1295 4265 1448 4322 κακὰ
1473 4287 1601 4321 eon-

556 4339 661 4388 fus.
700 4340 868 4388 etiam
903 4340 961 4389 in
995 4339 1062 4390 Σ.
1102 4340 1139 4392 f.
1175 4339 1284 4404 leg.
1319 4341 1367 4400 5.
1392 4337 1509 4389 276.
1538 4367 1601 4376 --

554 4398 701 4455 κατὰ
729 4431 793 4442 -
815 4399 961 4472 μετὰ
988 4408 1198 4457 consus.
1226 4409 1351 4459 Cor.
1375 4408 1422 4467 5.
1449 4405 1531 4456 67.

1695 516 2075 589 καταβάλλειν
2098 514 2277 591 νόμον
2300 524 2336 573 i.
2366 540 2417 588 q.
2444 527 2603 589 legem
2624 526 2803 575 deiice-

1762 608 1837 652 re,
1864 592 2169 657 negligere.
2198 590 2321 644 Cor.
2346 593 2395 653 5.
2427 590 2539 643 103.

1694 658 1992 777 καταγὸιρῶ
2026 664 2083 710 ot
2112 658 2342 725 κατηρῶ
2376 661 2587 713 consus.
2627 662 2667 711 f.
2701 660 2807 727 leg.

1696 789 2104 860 καταισχύνειν
2134 822 2193 831 -—
2218 788 2515 861 αἰσχύνειν
2534 822 2603 832 -
2628 793 2809 860 αἰσχί-

1762 880 1833 928 νη
1860 863 2071 915 confus.
2099 862 2223 913 Cor.
2249 864 2295 924 5.
2328 862 2439 913 101.

1696 928 2103 996 κατακομίζειν
2162 936 2220 980 et
2288 932 2808 999 κατακομίζεσθαι·

1763 1002 2167 1064 σκευαγωγεῖν.
2194 1000 2232 1051 f.
2258 999 2367 1065 leg.
2396 1001 2447 1059 5.
2470 998 2555 1051 86.

1696 1066 2148 1117 καταλείπεσθαι
2164 1105 2179 1129 ,
2202 1058 2725 1133 ἀπολαμβάνεσθαι
2748 1068 2811 1117 de

1764 1133 2015 1186 navibuS.
2040 1133 2164 1184 Cor.
2190 1136 2237 1195 5.
2270 1134 2379 1186 107.

1695 1194 2193 1253 καταλλάττεσθαι
2225 1203 2281 1251 in
2314 1203 2559 1268 negotiis
2602 1219 2813 1253 mensa.-

1764 1269 1877 1321 riis.
1904 1269 1943 1319 f.
1970 1268 2079 1334 leg.
2106 1271 2153 1330 5.
2183 1269 2295 1321 ιιι.

1696 1340 2153 1401 καταμαρτυρεῖς
2179 1355 2207 1387 e
2234 1340 2671 1403 καταμαρτυρεῖ
2696 1354 2815 1405 sup·

1764 1404 2038 1469 plendum.
2074 1406 2109 1457 f.
2144 1405 2253 1471 leg.
2286 1408 2333 1467 5.
2366 1404 2477 1455 120.
2526 1434 2597 1442 -
2642 1424 2815 1458 κατα-

1762 1470 2148 1599 ἔαῖὶτᾶιροῦσιν
2202 1488 2300 1539 pro
2360 1474 2560 1524 futuru.
2614 1474 2654 1523 f.
2704 1474 2809 1539 leg.

1696 1602 2095 1671 καταπέμπειν
2152 1608 2333 1659 literis
2392 1609 2732 1675 significare.
2780 1612 2814 1661 f.

1764 1674 1874 1741 leg.
1898 1677 1947 1736 ς.
1980 1674 2090 1728 137.

1698 1734 2150 1809 καταρατότερος
2170 1744 2293 1797 Cor.
2318 1746 2366 1805 5.
2395 1744 2514 1798 212.

1700 1810 2177 1877 κατασταθῆναι·
2238 1803 2817 1879 ἀποκατασταθῆναι.

1768 1879 1808 1929 f.
1834 1878 1945 1943 leg.
1972 1881 2021 1941 5.
2046 1878 2163 1932 327.

1699 1941 1943 2011 κατέστη
1972 1972 2033 1982 —
2060 1942 2405 2014 καθέστηκε.
2434 1949 2558 2001 Cor.
2584 1952 2632 2011 5.
2658 1950 2775 2001 241.

1700 2018 2039 2080 κατηγορεῖς
2074 2016 2291 2078 (addito
2324 2009 2399 2075 ὥς
2440 2010 2669 2083 φαύλης
2700 2034 2819 2083 per·

1768 2082 1979 2148 peram)
2014 2082 2114 2147 τῆς
2150 2080 2341 2149 τύχης.
2380 2084 2503 2159 0⁰!-
2528 2086 2577 2145 5.
2602 2084 2725 2135 266.
2758 2112 2819 2121 —-·

1768 2154 2105 2279 ἔαέἕγορεῖς
2152 2178 2217 2186 --
2264 2167 2607 2218 κατηγορεις
2694 2152 2817 2204 Cor.

1704 2286 2043 2403 κατηὲἷὸίαι
2068 2286 2135 2335 de
2162 2300 2273 2336 una
2296 2288 2677 2341 accusatione.
2700 2288 2820 2339 Cor.

1702 2412 2115 2488 κατονομάζειν
2140 2447 2202 2457 -
2239 2422 2647 2490 κατακομίζειν
2696 2440 2821 2475 con·

1772 2491 1877 2542 fus,
1906 2489 2033 2540 Cor.
2058 2495 2105 2550 5.
2134 2489 2219 2540 38.

1702 2561 1891 2608 κεῖται
1918 2561 1973 2606 et
1998 2556 2099 2608 δεῖ
2116 2559 2331 2610 consus.
2358 2559 2397 2611 f.
2420 2557 2531 2624 leg.
2560 2561 2611 2620 5.
2636 2559 2755 2614 216.

1632 2683 1637 2689 ,
1702 2623 2005 2688 Κερκιδᾶς.
2035 2625 2159 2675 Cor.
2184 2627 2233 2686 5.
2259 2625 2375 2678 295.

1704 2689 1788 2752 εἰς
1812 2709 1847 2743 κ
1862 2708 1887 2744 ε
1898 2709 1942 2758 φ
1956 2709 1994 2744 α
2006 2693 2035 2744 λ
2046 2685 2083 2758 ἡ
2096 2711 2131 2745 ν
2154 2689 2382 2758 τρέπειν
2394 2697 2451 2744 et
2462 2689 2546 2753 εἰς
2568 2687 2675 2761 τὴν
2693 2711 2822 2760 κεφ.

1773 2776 1896 2830 Cor.
1922 2779 1969 2838 5.
1982 2776 2098 2827 290.
2127 2803 2185 2812 ——
2216 2764 2401 2844 κεφαλ
2430 2777 2821 2845 compendium

1771 2843 2113 2909 κεφαλαίου.
2144 2846 2265 2898 Cor.
2292 2848 2341 2907 5.
2367 2845 2485 2897 251.

1704 2905 1984 2980 κηδεστής
1996 2913 2278 2980 Philippus
2302 2915 2504 2964 dieitur
2514 2914 2823 2978 Phrynonis

1774 2982 2151 3031 acerbisuime.
2179 2983 2217 3032 f.
2244 2981 2352 3046 leg.
2378 2983 2427 3043 5.
2458 2981 2573 3034 118.

1704 3041 1768 3101 τὸ
1790 3041 2058 3115 κήρυγμα
2078 3053 2134 3098 et
2150 3039 2183 3099 ὁ
2201 3042 2379 3114 κῆρυξ
2394 3051 2609 3100 confus.
2624 3051 2821 3100 Liban.

1772 3117 1994 3182 Argum.
2021 3116 2145 3167 Cor.
2172 3119 2217 3178 5.
2245 3115 2293 3168 3.

1706 3181 2067 3312 Knctpwogngf
2132 3191 2188 3234 et
2231 3183 2544 3250 Κτησιφῶν
2614 3187 2821 3238 consus,

1810 3268 1898 3304 -or,
1956 3290 1969 3304 .
2068 3289 2080 3302 .

1705 3318 1947 3438 κῖνᾶδέἓ
1978 3325 2036 3369 et
2068 3317 2328 3380 κῖναιδος
2374 3321 2653 3372 differunt.
2703 3322 2821 3372 Cor.

1707 3447 2119 3521 κινδυνεύομαι
2144 3471 2253 3506 non
2274 3456 2437 3507 aliter
2454 3458 2565 3508 nisi
2584 3461 2819 3524 passive.

1776 3525 1815 3573 f.
1841 3523 1949 3590 leg.
1974 3525 2020 3584 5.
2048 3521 2161 3576 184.

1707 3587 1937 3651 Κινέας.
1964 3591 2086 3642 Cor.
2112 3593 2159 3652 5.
2184 3591 2303 3642 295.

1706 3652 2044 3724 κιττοφόρος
2070 3659 2193 3709 Cor.
2220 3661 2267 3721 5.
2294 3658 2411 3712 260.

1707 3721 1940 3796 κλαήσει
1966 3727 2004 3776 f.
2032 3727 2141 3792 leg.
2173 3729 2223 3788 5.
2248 3727 2367 3778 310.

1708 3799 1883 3858 κλεῖν,
1911 3810 2018 3844 non
2044 3792 2247 3847 κλεῖδα
2273 3797 2395 3848 Cor.
2422 3797 2468 3857 5.
2491 3795 2577 3850 67.

1708 3863 2069 3929 Κλείταρχος.
2100 3863 2223 3915 Cor.
2248 3866 2295 3925 5.
2323 3863 2442 3914 295.

1708 3931 1843 3998 κλῆς
1868 3932 2093 3981 nomina
2114 3932 2355 3996 propria.
2386 3933 2424 3982 f.
2452 3932 2561 3998 leg.
2586 3934 2636 3994 5.
2662 3933 2780 3984 293.

1709 3991 1936 4078 Κλητήρ
1964 4001 2019 4049 in
2046 3999 2437 4050 Demosthenis
2462 4002 2821 4054 orationibtm.

1776 4069 2009 4132 Κλητωρ
2058 4069 2115 4117 in
2162 4067 2523 4120 documentis.
2570 4069 2820 4136 Prolegg.

1778 4137 2017 4186 Gramm.
2045 4137 2094 4197 5.
2121 4135 2235 4186 147.
2766 4153 2779 4166 ·

1706 4203 1946 4321 κλίσιον9
1974 4209 2029 4253 et
2075 4203 2327 4255 κλεισίον
2374 4203 2652 4255 differunt.
2700 4205 2822 4258 Cor.

1707 4338 1871 4406 κοινῇ
1922 4344 2049 4390 ante
2096 4337 2237 4390 πᾶσι
2292 4339 2650 4394 inculcatum.
2700 4342 2819 4392 Cor.

1772 4409 1821 4470 5.
1846 4406 1931 4458 20.
1976 4433 2047 4444 -
2092 4405 2266 4459 κοινῶ
2312 4405 2722 4477 βουλευτηρίῳ,
2766 4409 2821 4459 in
