3084 4938
539 329 663 405 516
996 356 1453 402 nnuos'rnnms
1488 360 1594 402 on.
1623 360 1710 402 nr.
1739 360 1942 404 rALsA
1970 338 2359 405 munione,

1532 508 1580 549 1⁶
1611 510 1643 537 *¹
1763 512 1781 536 ¹
2460 511 2548 552 ⁴⁸17

454 539 507 579 πε
536 506 787 603 τέραν15
809 511 1061 604 δούλην
1086 519 1526 605 κατέπεμψεν,
1599 544 1686 604 ην
1707 544 1856 586 τοτε
1890 513 2237 606 σύμμαχον
2271 511 2484 587 αὖτου
2569 520 2684 589 καὶ
2709 528 2828 609 φί-

540 725 651 775 tum
696 720 895 775 sociam
927 736 1081 777 suam
1112 726 1167 775 et
1208 720 1435 777 amicam
1464 736 1586 777 esse
1619 721 1932 794 scripserat.
1991 720 2184 777 deiude
2212 724 2413 778 nemini
2447 740 2686 797 unquam
2721 742 2826 798 po-

536 934 757 980 exosos‚
796 924 857 969 ut
894 918 1059 969 etiam
1098 934 1233 985 quos
1270 919 1538 970 interdum
1577 919 1926 969 inhumanius
1963 934 2120 984 quam
2147 935 2335 969 servos
2373 926 2682 972 tractarent
2719 938 2823 973 no·

534 1005 679 1053 mine
725 1004 975 1069 specioso
1030 1005 1301 1054 sociorum
1354 1003 1708 1068 insignirent.
1781 1004 1937 1065 Quae
1993 1018 2154 1067 quum
2209 1006 2292 1053 ita
2344 1006 2481 1065 sint3
2537 1012 2594 1055 et
2643 1000 2819 1057 πόλιν

531 1090 693 1138 unice
729 1087 1069 1153 probandum
1104 1104 1303 1139 censeo
1337 1103 1515 1153 neque
1565 1087 1809 1153 improbo
1845 1086 2228 1137 Marklandum
2267 1089 2629 1141 arbitrantem
2665 1092 2816 1141 rela-

532 1172 646 1223 tivo
696 1172 805 1221 alio
852 1171 974 1223 loco
1018 1173 1147 1238 poni
1192 1178 1463 1238 oportere.
1537 1172 1789 1223 Scribam
1843 1170 2016 1237 igitur
2073 1159 2148 1239 ἣν
2207 1166 2421 1239 δούλην
2479 1170 2814 1241 κατέστησε,

530 1272 675 1321 quam
708 1256 808 1305 sibi
837 1256 1137 1307 subiecerat.
1210 1260 1332 1308 Duo
1380 1262 1873 1307 commemorantur
1909 1273 2050 1323 quae
2089 1258 2355 1320 doceant,
2395 1258 2686 1309 barbarum
2724 1275 2788 1308 er

529 1354 705 1390 rorem
742 1354 895 1390 suum
936 1342 1251 1405 agnovisse:
1296 1344 1544 1407 primum,
1587 1341 1726 1407 quod
1760 1341 2180 1392 Atheniensium
2217 1342 2520 1393 vindictam
2558 1348 2810 1393 metuens

525 1422 878 1490 Amphipolin
927 1424 1253 1475 liberaverit
1298 1428 1425 1491 iugo
1464 1426 1773 1488 servituti83
1825 1426 2081 1489 alterum,
2123 1428 2264 1491 quod
2299 1432 2496 1492 postea
2529 1429 2806 1477 nemiuem

504 1508 944 1564 ‚Atheniensium
1006 1510 1166 1561 donis
1228 1512 1568 1576 corruperit.’
1643 1509 1899 1561 Schaef
1909 1526 2078 1560 erus.
2153 1513 2383 1561 Eri-asse
2443 1512 2803 1562 Schaeferum

528 1594 919 1645 Boehneckius
958 1594 992 1644 l.
1022 1612 1069 1646 c.
1104 1612 1159 1661 p.
1188 1595 1287 1645 142
1325 1612 1391 1645 ex
1424 1594 1665 1647 Halonn.
1705 1596 1754 1656 §-
1778 1594 1845 1646 29
1881 1596 2164 1661 probavit,
2203 1596 2399 1660 quibus
2437 1596 2578 1647 adde
2615 1597 2656 1647 f.
2689 1596 2804 1662 leg.

524 1678 575 1741 9.
611 1678 739 1742 253;
778 1682 1051 1747 copiosius
1076 1680 1529 1732 Funkhaenelius
1567 1681 1794 1743 Quaest.
1831 1682 1988 1730 Dem.
2027 1698 2078 1747 p.
2108 1680 2173 1730 47
2199 1695 2342 1745 sqq.:
2384 1680 2584 1731 ‘Nemo
2611 1680 2801 1744 facile,

522 1766 730 1831 inquit,
767 1766 1007 1815 iunxerit
1043 1758 1212 1816 πόλιν
1248 1781 1369 1815 cum
1404 1780 1732 1831 praegresso
1755 1757 2103 1829 Ἀμφίπολιν.
2144 1762 2348 1831 [Etiam
2387 1765 2626 1816 Halonn.
2654 1764 2692 1814 1.
2719 1780 2800 1818 c.:

520 1836 627 1916 τὴν
662 1841 877 1915 χώραν,
928 1864 1035 1901 non
1070 1847 1177 1916 τὴν
1212 1844 1383 1900 πόλιν
1420 1850 1622 1913 solam,
1672 1842 1733 1899 οἰ
1751 1840 2026 1916 Ἕλληνες
2060 1846 2158 1901 καὶ
2196 1842 2459 1914 βασιλεὺς
2495 1841 2527 1900 ὁ
2563 1848 2802 1913 Περσῶν

527 1926 892 2001 ἐψηφίσαντο
932 1971 943 1983 .
972 1972 983 1983 .
1017 1972 1028 1985 .
1066 1926 1347 2000 ὑμετέραν
1386 1927 1583 2001 εἷναι].
1657 1934 1841 1995 Quare
1897 1936 1944 1985 si
1997 1935 2098 1984 illa
2149 1950 2256 1985 vox
2306 1936 2610 1998 retinetur,
2656 1934 2798 1985 haee

518 2017 719 2067 habes:
770 2011 937 2069 πόλιν
982 2010 1267 2082 ὑμετέραν
1315 2010 1529 2085 δούλην
1565 2014 1924 2084 κατέστησεν.
1993 2018 2067 2068 At
2103 2034 2198 2069 cur
2232 2011 2400 2069 πόλιν
2435 2022 2667 2085 primum
2704 2019 2796 2067 ob·

517 2102 659 2152 tinet
693 2100 897 2163 locum,
951 2118 1069 2151 cum
1114 2096 1399 2167 ὑμετέραν
1442 2104 1891 2168 praeponendum
1937 2104 2046 2153 sit?
2113 2104 2328 2153 Deinde
2365 2106 2585 2154 omnino
2635 2103 2794 2152 valde

517 2186 695 2235 otiosa
748 2190 833 2235 est
884 2185 985 2235 illa
1034 2201 1157 2236 vox.
1232 2187 1417 2248 Quare
1465 2187 1630 2253 longe
1669 2192 1922 2251 praestat
1955 2182 2146 2237 πάλιν.
2217 2188 2452 2237 Accedit
2487 2189 2629 2253 quod
2664 2187 2792 2236 talis

516 2270 793 2335 particula
839 2272 1153 2336 requiritur.
1194 2299 1256 2307 —
1292 2296 1361 2308 ·—
1398 2272 1638 2321 Causam
1687 2270 1976 2322 Schaeferi
2021 2272 2238 2321 omnino
2287 2272 2626 2337 probandam
2673 2286 2788 2321 esse

514 2370 673 2406 nemo
710 2372 818 2406 non
852 2356 1019 2409 videt.
1069 2356 1177 2407 Sed
1214 2356 1279 2407 de
1317 2357 1437 2423 ipsa
1472 2357 1774 2407 mutatione
1811 2357 2167 2406 vehementer
2203 2356 2410 2408 dubito,
2449 2384 2510 2391 —
2548 2383 2615 2393 -—
2650 2355 2789 2419 Quid

512 2441 682 2508 igitur
718 2441 1103 2492 statuendum?
1174 2442 1285 2506 En,
1337 2442 1598 2493 auxilium
1643 2442 1880 2509 petimus
1929 2456 1963 2491 a
1997 2439 2307 2504 Boeckhio,
2357 2442 2452 2506 qui
2489 2442 2546 2492 in
2584 2440 2785 2492 Oecon.

512 2527 639 2576 Ath.
678 2527 742 2576 T.
780 2528 806 2577 1
844 2545 897 2593 p.
934 2525 1035 2578 439
1072 2527 1163 2590 (z
1198 2543 1247 2593 p.
1286 2525 1387 2577 539
1424 2529 1507 2578 ed.
1547 2527 1652 2590 2³⁰)
1715 2542 1814 2576 eas
1865 2525 2066 2589 urbes,
2124 2541 2264 2591 quae
2317 2526 2523 2576 tributo
2578 2526 2784 2576 liberae

514 2611 765 2671 fuissent,
804 2604 1115 2676 ἐλευθέρας
1141 2613 1321 2662 dictas
1359 2627 1479 2663 esse
1506 2613 1684 2672 docet,
1727 2603 1939 2668 δούλας
1962 2611 2127 2660 urbes
2151 2609 2476 2676 vectigales,
2518 2609 2786 2661 δουλείαν

510 2705 641 2747 vero
678 2712 786 2746 non
822 2697 1025 2762 ubique
1063 2697 1208 2746 idem
1246 2713 1367 2747 esse
1406 2697 1548 2762 quod
1583 2683 2076 2760 ἄνδραποδισμόν.
2126 2721 2192 2731 —
2243 2696 2362 2745 Iam
2397 2697 2447 2746 si
2485 2731 2496 2744 .
2527 2733 2540 2745 .
2566 2733 2580 2748 .
2617 2693 2782 2748 locos.

512 2783 645 2845 quos
684 2781 845 2830 affert
868 2781 1199 2842 Boeckhius‚
1242 2781 1573 2843 contuleris3
1613 2785 1708 2831 aut
1743 2781 1925 2830 socios
1951 2780 2100 2845 queri
2139 2779 2208 2828 de
2245 2779 2354 2830 ista
2388 2780 2654 2829 servitute
2693 2787 2784 2829 aut

508 2865 783 2915 rhetorice
822 2905 835 2916 .
862 2904 875 2917 .
902 2902 916 2914 .
953 2881 1068 2914 rem
1105 2867 1436 2930 exaggerari
1481 2865 1725 2927 videbis,
1774 2866 1994 2914 minime
2044 2869 2228 2914 autem
2274 2863 2378 2914 has
2413 2865 2578 2914 urbes
2613 2865 2780 2916 vecti—

509 2948 666 3014 gales
704 2941 915 3006 δούλας
952 2963 1073 3000 esse
1112 2949 1308 3000 dietaS.
1372 2977 1437 2985 —
1498 2951 1614 3000 Iam
1661 2965 1794 3000 vero
1841 2949 1887 2999 si
1934 2949 2084 2998 nullo
2131 2948 2287 2998 modo
2333 2948 2557 3013 probari
2603 2953 2782 3014 potest

504 3032 929 3084 Demosthenem
966 3032 1319 3098 Amphipolin
1357 3027 1571 3100 δούλην
1605 3033 2020 3085 Atheniensium
2069 3030 2416 3098 appellasse,
2471 3033 2599 3098 quid
2654 3049 2779 3098 aga-

505 3120 658 3168 mus?
693 3117 833 3168 Num
870 3117 968 3167 illa
1002 3118 1175 3169 verba
1210 3108 1495 3183 ύμετέραν
1531 3109 1745 3182 δούλην
1782 3119 1956 3184 ipsius
1991 3117 2310 3168 Artaxerxis
2347 3131 2469 3167 esse
2505 3119 2778 3182 opineris?

504 3201 577 3252 At
612 3202 716 3252 hoc
751 3203 845 3254 vix
880 3203 1183 3268 probabile.
1254 3203 1404 3254 Nihil
1451 3204 1624 3268 igitur
1667 3209 1846 3253 restat
1891 3202 2041 3252 aliud
2079 3217 2239 3267 quam
2273 3201 2408 3258 hoc,
2456 3197 2673 3266 δούλην
2709 3201 2776 3252 ab

505 3291 721 3338 oratore
768 3303 875 3338 non
924 3305 1046 3338 esse
1094 3289 1394 3355 scriptum,
1448 3288 1545 3338 sed
1598 3287 1840 3337 additum
1891 3303 2011 3338 esse
2061 3302 2094 3336 a
2141 3286 2383 3337 librariis
2429 3293 2526 3337 aut
2563 3287 2638 3337 ab·
2671 3286 2776 3336 alio

504 3385 826 3438 quoeunque
852 3373 1069 3424 homine
1098 3373 1167 3423 ad
1193 3373 1576 3438 explicandum
1601 3372 1825 3421 verbum
1850 3363 2175 3436 ύμετὲραν.’
2209 3399 2278 3406 -—
2313 3372 2438 3436 Ipse
2463 3371 2775 3421 Boeckhius

500 3457 827 3508 vocabulum
876 3458 944 3509 de
988 3458 1095 3508 hac
1141 3457 1455 3508 conditione
1492 3455 1732 3505 oratorie
1771 3469 1891 3506 esse
1931 3456 2236 3506 adhibitum
2273 3455 2430 3518 dieit3
2468 3471 2556 3506 res
2595 3459 2770 3505 autem

500 3557 611 3591 non
646 3543 820 3593 solum
855 3542 1026 3596 Thuc.
1064 3543 1119 3605 1,
1158 3540 1253 3602 98,
1302 3541 1399 3590 sed
1436 3539 1604 3588 etiam
1640 3539 1923 3590 Plutarch.
1965 3539 2174 3591 Cimon.
2214 3556 2335 3605 cap.
2381 3539 2436 3588 ll
2479 3545 2616 3589 extr.
2653 3556 2772 3606 per-

501 3627 692 3691 spicue
730 3632 1011 3677 narraturz
1052 3619 1113 3677 ἐκ
1149 3623 1251 3691 τῆς
1288 3614 1476 3674 αὐτῶν
1512 3623 1655 3686 (scil.
1693 3617 2024 3690 συμμάχων)
2061 3615 2398 3689 ἀστρατείας
2434 3616 2773 3682 ἐθισθέντες

503 3709 820 3774 φοβεῖσθαι
857 3707 957 3759 καὶ
992 3701 1329 3760 κολακεύειν
1368 3703 1588 3759 ἔλαθον
1611 3699 1743 3764 ἀντὶ
1767 3701 2078 3775 συμμάχων
2111 3699 2405 3767 ὑποτελεῖς
2439 3705 2538 3760 καὶ
2575 3707 2771 3759 δοῦλοι

498 3788 809 3859 γεγονότες.
882 3794 968 3845 cf.
1005 3793 1255 3859 Xenoph.
1295 3795 1361 3859 (Ρ)
1397 3795 1564 3860 Resp.
1603 3794 1729 3844 Ath.
1771 3810 1894 3861 cap.
1929 3795 1955 3844 Ι
1991 3797 2037 3855 ἕ.
2081 3794 2160 3845 18.
2230 3795 2422 3859 Neque
2475 3794 2640 3844 aliter
2689 3794 2771 3842 in-

497 3879 833 3945 telligendus
872 3885 957 3929 est
990 3878 1145 3927 loeus
1180 3877 1352 3929 Thuc.
1392 3879 1552 3938 VIII,
1589 3877 1679 3928 43:
1729 3871 1936 3946 νήσους
1977 3870 2208 3936 ἁπάσας
2251 3870 2430 3929 πάλιν
2475 3869 2772 3928 δουλεύειν

500 3965 561 4028 (i.
599 3981 645 4014 e.
683 3965 975 4014 Persarum
1012 3963 1241 4028 imperio
1278 3964 1529 4014 subditas
1567 3963 1711 4026 esse)
1755 3961 1854 4016 καὶ
1893 3961 2214 4016 Θεσσαλίαν
2249 3959 2349 4013 καὶ
2383 3953 2636 4026 Λοκρούς
2671 3959 2769 4013 καὶ

494 4043 659 4116 μέχρι
705 4047 989 4109 Βοιωτῶν,
1040 4045 1139 4100 καὶ
1185 4037 1319 4098 ἄντ’
1356 4041 1694 4112 ἐλευθερίας
1740 4037 1817 4099 ἄν
1850 4041 2131 4115 Μηδικὴν
2175 4037 2358 4113 ἀρχὴν
2391 4048 2512 4104 τοῖς
2535 4035 2768 4111 Ἕλλησι

494 4127 628 4194 τούς
662 4131 1158 4198 Λακεδαιμονίους
1193 4134 1547 4197 περιθεῖναι.
1595 4133 1729 4183 Illos
1766 4133 1917 4184 locos
1956 4134 2130 4183 eidem
2167 4132 2449 4183 Boeckhio
2485 4131 2766 4181 debemus.

494 4217 901 4268 ankhaenelii
936 4220 1311 4270 coniecturam
1348 4233 1583 4285 sequens
1609 4217 1918 4269 Dindorfius
1956 4213 2171 4284 δούλην
2205 4217 2453 4279 seclusit,
2492 4215 2632 4280 quod
2669 4231 2764 4266 vo-

494 4303 747 4353 cabulum
776 4303 1009 4354 Shilleto
1046 4303 1173 4353 olim
1213 4304 1283 4353 ab
1321 4305 1441 4369 ipso
1479 4303 1798 4354 damnatum
1834 4319 1978 4353 nune
2016 4303 2096 4352 ita
2132 4301 2398 4362 defendit,
2438 4305 2499 4349 ut
2533 4301 2606 4350 sit
2643 4305 2764 4350 tan-

490 4399 651 4452 quam
707 4387 880 4453 ipsius
932 4391 1137 4440 Persae
1194 4387 1429 4438 formula
1482 4368 1722 4438 dicendi.
1793 4388 1878 4437 Ex
1924 4403 2017 4438 ore
2055 4393 2110 4437 et
2145 4391 2422 4452 tamquam
2461 4401 2490 4434 e
2527 4399 2765 4450 persona
