3084 4938
856 396 1295 443 uenosi-amm
1328 396 1564 444 eume
1596 398 1679 443 na
1710 398 1972 444 cenom.
2421 388 2542 451 157

250 586 425 647 μοις
455 550 623 627 ἀλλὰ
662 557 774 625 καὶ
812 550 925 625 311⁵
958 570 1097 635 τοῖς
1130 546 1509 644 ’ὖμ.ιετέροις’ἶ
1559 546 1836 643 ἦθεσιν7
1873 548 2208 645 ιὶῗριστοιι,Θ
2245 546 2404 643 ἐγώθ
2433 558 2548 649 ρᾳ-

254 666 437 740 etms
469 655 893 748 πολλαχόθεν
929 651 1199 740 δείξω.“’
1258 660 1524 747 πρῶτον
1547 656 1673 746 μὲν
1703 649 1880 747 ’γὰρ’1
1911 648 2548 747 Ναυσικλῆςηστρα·

250 765 513 849 τηγῶν,
552 755 667 848 ἐφ’
705 754 807 841 οἷς
842 754 975 829 ιῖπὸ
1010 760 1147 827 τῶν
1181 762 1379 829 ἰδίων
1412 772 1702 849 προεῖτο,
1729 750 1780 795 ¹³
1825 756 2138 839 πολλάκις
2175 756 2548 849 ἐστεφάνω-

252 891 379 932 ται
393 855 461 951 ¹⁴,
494 856 628 951 ὑφ’
664 854 878 950 ὑμῶν.
986 855 1124 929 εἶθ’
1162 853 1337 929 ὅτε“’
1370 856 1487 941 τὰς
1520 854 1808 941 ἀσπίδας
1842 857 2158 950 Διότιμος
2194 867 2406 932 ἔδωκε
2437 864 2548 930 καὶ

254 1068 429 1123 etiam
463 1067 659 1122 animis
688 1078 811 1119 esse
840 1062 1075 1124 delinita,
1106 1076 1209 1135 ego
1243 1062 1397 1119 facile
1419 1062 1768 1120 multifariam
1797 1064 2096 1121 ostendam.
2137 1062 2374 1123 Primum
2403 1068 2544 1125 enim

256 1150 566 1211 Nausicles.
594 1150 723 1205 dum
752 1164 875 1204 cum
907 1149 1133 1221 imperio
1164 1156 1311 1209 erat.
1354 1146 1425 1203 oh
1455 1149 1718 1220 privatam
1747 1148 2124 1206 liberalitatem
2156 1166 2316 1225 saepe
2343 1170 2548 1209 corona

256 1235 503 1291 donatus
535 1242 623 1289 est
652 1252 682 1289 a
710 1231 881 1289 vobis.
938 1232 1135 1289 Deinde
1159 1247 1325 1305 quum
1347 1231 1610 1289 Diotimus
1637 1232 1859 1307 clypeos
1888 1233 2127 1290 dedisset
2156 1243 2319 1309 atque
2347 1240 2546 1295 iterum

400 1468 459 1531 5)
506 1458 572 1517 ἐν
618 1456 683 1517 ἐν
725 1467 1009 1528 utrumque
1056 1478 1141 1513 om
1186 1462 1420 1528 Sopater
1464 1462 1567 1513 Rh.
1603 1462 1667 1512 Τ.
1705 1463 1782 1513 IV
1827 1479 1878 1530 p.
1916 1462 2034 1516 729.
2155 1464 2208 1531 6)
2251 1458 2548 1533 ἡμετέροις

256 1550 420 1618 vulg.
458 1577 527 1585 —
560 1540 856 1615 ὑμετέροις
891 1548 959 1599 Σ.
996 1547 1203 1598 Laui-S.
1242 1546 1308 1598 Φ.
1382 1548 1477 1598 ‘In
1520 1545 1628 1597 hac
1663 1562 1722 1597 re
1757 1548 2161 1601 Demosthenes
2197 1565 2258 1601 se
2293 1568 2328 1601 a
2363 1557 2548 1603 caete-

264 1638 343 1687 ris
380 1632 817 1685 Atheniensibus
853 1633 1143 1697 seiungere
1179 1631 1389 1693 debuit,
1428 1646 1499 1681 ne
1534 1645 1690 1681 suum
1725 1631 1846 1697 ipse
1883 1637 2261 1699 argumentum
2297 1634 2390 1686 vel
2425 1639 2548 1685 tau-

202 1706 213 1713 ·
258 1719 447 1771 tilium
476 1716 763 1770 elevaret-⁹
802 1716 1055 1767 Schacf
1064 1731 1179 1765 eru
1194 1729 1239 1766 s.
1278 1715 1622 1765 ‘Tenendum
1657 1704 1969 1781 ὑμετέροις,
2005 1733 2168 1783 quum
2204 1718 2275 1767 ad
2311 1720 2548 1769 auctori-

260 1812 445 1856 tatem
494 1803 743 1853 civitatis
788 1816 911 1851 sese
948 1802 1208 1851 maiorem
1242 1797 1548 1866 provocet.'
1609 1800 1993 1851 Disaenius.
2054 1827 2119 1839 -
2177 1817 2264 1853 om
2300 1802 2550 1868 Sopater.

264 1891 319 1952 7)
371 1884 577 1940 ἔθεσιν
623 1886 871 1952 Sopater.
918 1883 1184 1950 Anonym.
1231 1884 1335 1935 Rh.
1373 1885 1435 1935 T.
1474 1885 1579 1935 vu
1621 1901 1677 1951 p.
1712 1886 1832 1935 424.
1904 1885 2236 1936 Praeferunt
2267 1886 2548 1949 Reiskius,

266 1974 627 2038 Schaeferus,
654 1968 966 2021 Dindorfius
991 1969 1061 2019 ob
1098 1969 1403 2035 oppositum
1437 1963 1652 2034 νόμοις.
1689 1970 1763 2021 At
1785 1970 1892 2022 vid.
1921 1970 2140 2022 Dissen.
2157 1970 2246 2023 ad.
2271 1971 2324 2023 h.
2351 1970 2550 2023 locum.

266 2063 413 2111 Item
450 2055 715 2109 Reiskius
750 2054 985 2104 mutavit
1020 2054 1071 2116 S.
1106 2054 1206 2103 275
1238 2044 1412 2119 ἤθεσι
1448 2052 1507 2103 in
1545 2047 1722 2105 ἔθεσι.
1795 2053 1882 2106 Cf.
1919 2054 2061 2107 Phil.
2097 2056 2152 2106 11
2186 2056 2234 2119 S.
2273 2054 2322 2107 8.
2379 2056 2550 2109 Isocr.

271 2146 483 2209 Paneg.
532 2145 581 2205 §-
624 2140 738 2189 152.
810 2138 880 2186 Η.
916 2136 955 2187 l.
1003 2140 1183 2203 aptior
1229 2144 1315 2189 est
1358 2138 1507 2189 notio
1551 2154 1758 2189 morum
1803 2144 1966 2206 atque
2013 2140 2338 2203 animorum,
2386 2154 2550 2206 quam
2619 2195 2626 2206 ‚

270 2226 439 2277 moris
475 2240 544 2274 ac
582 2221 1010 2274 consuetudinis.
1058 2220 1371 2274 Marcellini
1406 2222 1594 2274 Editio
1617 2222 1840 2274 Walaia
1875 2223 2099 2275 exhibet
2131 2214 2324 2291 ἤθεσι,
2361 2239 2550 2290 quam-

273 2324 437 2375 quam
472 2307 709 2358 rhetoris
746 2311 1032 2357 contextus
1068 2307 1287 2372 flagitat
1323 2300 1501 2357 ἔθεσι.
1605 2306 1660 2373 8)
1699 2300 1990 2374 διώρισται
2025 2308 2276 2361 Marcell.
2315 2314 2372 2359 et
2405 2309 2548 2361 Ano-

273 2411 421 2460 nym.
458 2393 563 2443 Rh.
601 2418 665 2428 —-
706 2384 945 2457 ἔγνωται
981 2390 1143 2442 Lind.
1280 2389 1333 2454 9)
1370 2387 1471 2440 καὶ
1508 2380 1615 2455 ἐγώ
1649 2391 1914 2457 Anonym.
1950 2393 2112 2444 Rhet.
2251 2392 2340 2459 10)
2378 2391 2550 2457 δείξω

270 2479 511 2545 nullux.
548 2477 723 2543 Aug-2.
760 2479 809 2530 4.
860 2503 921 2513 --
968 2477 1127 2529 πολλ.
1165 2466 1383 2539 διδάξω
1428 2474 1531 2526 cod
1567 2489 1612 2529 ε.
1661 2502 1724 2512 -
1770 2466 1876 2542 ἐγώ
1915 2513 1928 2528 .
1956 2513 1970 2529 .
1998 2515 2012 2529 .
2051 2476 2222 2542 δείξω
2257 2494 2343 2528 om
2379 2477 2551 2545 Sopa-

272 2571 377 2616 ter.
464 2560 545 2625 11)
585 2555 694 2626 γὰρ
731 2578 819 2612 om
852 2577 895 2612 ε.
930 2577 983 2628 γ.
1020 2560 1219 2612 Vindl.
1256 2561 1305 2612 7.
1404 2560 1487 2624 12)
1525 2559 1888 2626 ναυτισιιιλῆς
1922 2561 2094 2628 Aug2.
2193 2561 2282 2629 13)
2317 2556 2550 2629 πρόειτο

270 2649 489 2700 Aldete.
548 2673 615 2682 —-
674 2648 909 2711 προοῖτο
952 2663 995 2698 s.
1058 2674 1121 2683 —
1172 2645 1406 2709 προεῖτο
1452 2643 1519 2696 Σ.
1569 2645 1774 2696 LaurS.
1822 2645 1874 2714 β.
1912 2662 1962 2713 γ.
2001 2661 2046 2698 ε.
2093 2664 2149 2714 η.
2195 2647 2372 2714 Augl.
2407 2647 2460 2699 2.
2495 2649 2546 2699 4.

268 2735 501 2785 Meerm.
542 2729 715 2781 Aldv.
762 2731 883 2782 Non
921 2737 1006 2781 est
1040 2731 1339 2797 optativus,
1376 2735 1437 2780 ut
1477 2729 1908 2781 Rauchenstein.
1945 2731 1982 2783 1.
2021 2747 2066 2783 c.
2104 2749 2158 2799 p.
2193 2731 2278 2783 24.
2315 2733 2548 2794 censuit,

268 2818 371 2870 sed
419 2816 774 2867 indicativus.
846 2814 933 2868 Cf.
977 2813 1217 2882 reliquos
1265 2814 1459 2866 aoristi
1492 2815 1844 2866 indicativos.
1903 2842 1970 2852 —
2029 2807 2130 2881 ἐφ’
2167 2810 2257 2873 οἷς
2298 2807 2551 2866 ἐπέδωκε

268 2903 526 2969 Sopater.
621 2899 701 2964 14)
740 2890 1123 2965 ἐστεφανοῦτο
1157 2899 1423 2965 Auonym.
1460 2898 1622 2950 Rhet.
1669 2904 1727 2950 et
1760 2897 2138 2952 Marcellinus.
2176 2898 2357 2950 nullus
2390 2901 2552 2952 Dem.

270 2987 440 3038 liber.
478 2985 689 3037 erravit
726 2984 871 3036 enim
904 2983 1236 3036 Benselerus
1270 2985 1423 3035 Hiat.
1461 3000 1515 3050 p.
1538 2981 1622 3034 90.
1663 2982 1914 3049 maleque
1952 2983 2228 3034 defendit:
2259 2983 2434 3048 ‘qu0d,
2472 2985 2553 3032 in-

269 3071 415 3140 quit,
458 3073 574 3120 tum
610 3083 723 3134 seq.
752 3059 1171 3134 ἐστεφανοῦντο
1206 3068 1620 3120 commendatur
1651 3071 1764 3118 tum
1799 3083 1858 3119 re
1894 3068 2016 3133 ipsa
2053 3072 2110 3118 et
2142 3067 2312 3118 verbo
2347 3059 2554 3118 πολλοὶ·

266 3172 395 3218 αις,
456 3153 591 3219 quia
642 3152 814 3205 honor
860 3153 1077 3218 quidem
1126 3157 1338 3215 manet,
1386 3153 1515 3204 inde
1550 3149 1872 3218 τετίμηται,
1930 3152 2029 3203 sed
2073 3167 2185 3202 non
2231 3149 2552 3203 coronatio!

264 3239 531 3292 Praeivit
576 3237 973 3299 Schaeferum,
1002 3235 1341 3288 ‘Marcellini
1386 3238 1660 3304 scriptura
1709 3235 1918 3302 placet.
1989 3237 2082 3287 Sic
2133 3252 2256 3287 mox
2308 3237 2554 3302 sequitur

270 3319 721 3390 ἐστεφανοῦντο.
795 3322 903 3373 Sed
949 3326 1097 3373 recte
1144 3338 1223 3374 vs.
1261 3322 1325 3371 27
1373 3318 1696 3388 τετίμηται,
1745 3334 1907 3386 quum
1943 3321 2218 3372 referatur
2253 3321 2322 3372 ad
2359 3310 2552 3371 οὑτοσὶ

270 3409 517 3461 Νεοπτ.’
587 3405 659 3456 At
703 3407 778 3459 ct'.
825 3408 873 3469 ξ.
917 3405 1037 3456 12οι
1109 3404 1442 3470 παραλείπω
1487 3401 1587 3456 καὶ
1622 3397 1686 3456 τὸ
1721 3395 1994 3464 πολλάκις
2029 3394 2202 3463 αὐτὸς
2237 3395 2554 3469 ἐστεφανῶ-

270 3493 420 3546 σθαι
456 3486 756 3557 πρότερον.
806 3491 1003 3557 Itaque
1040 3491 1182 3542 male
1220 3491 1349 3542 olim
1388 3494 1443 3540 et
1475 3506 1576 3542 nos
1612 3490 1790 3540 secuti
1814 3503 1996 3541 sumus
2017 3489 2167 3541 viros
2203 3489 2327 3539 illos
2351 3487 2552 3538 doctis·

270 3581 465 3630 simos.
538 3576 797 3628 Perfecto
847 3575 901 3626 h.
938 3574 975 3625 l.
1030 3590 1136 3625 non
1190 3575 1333 3640 quod
1389 3591 1479 3626 res
1522 3574 1810 3632 manebat,
1869 3573 2242 3640 significatum
2302 3575 2410 3634 est,
2455 3573 2554 3623 sed

274 3677 365 3712 res
426 3659 685 3711 absoluta
746 3675 811 3709 ac
870 3657 1045 3709 finita.
1116 3660 1449 3726 Imperfecto
1502 3659 1737 3710 inferius
1789 3659 2042 3725 sequenti
2085 3673 2176 3709 res
2229 3661 2356 3708 acta
2407 3663 2468 3708 ut
2521 3675 2550 3710 e

276 3744 694 3798 cousuetudine.
764 3743 962 3794 Placet
1007 3743 1175 3808 igitur
1219 3744 1360 3794 haec
1406 3745 1666 3796 variatio.
1737 3745 1940 3794 Hiatus
1975 3746 2160 3794 autem
2206 3747 2290 3793 est
2321 3759 2548 3809 pausae,

278 3837 336 3882 ut
372 3829 624 3896 graviter
658 3833 951 3894 poneretur
986 3829 1045 3878 in
1081 3827 1185 3878 fine
1222 3817 1333 3892 ὑφ’
1368 3817 1544 3893 ὑμῶν.
1587 3856 1648 3864 -
1681 3826 1974 3895 τετίμηται
2013 3829 2262 3894 Sopater.
2345 3829 2427 3894 15)
2465 3817 2551 3880 ὅτι

273 3915 399 3966 Ald.
438 3911 492 3980 β.
528 3910 608 3966 Ω.
644 3913 695 3966 k.
735 3920 772 3964 t.
806 3929 857 3962 u.
893 3929 937 3962 v.
979 3909 1159 3964 Guelf.
1205 3910 1400 3962 vindl.
1438 3911 1488 3962 3.
1525 3911 1574 3962 5.
1634 3911 1789 3963 Pall.
1847 3913 1996 3964 Man.
2055 3914 2196 3978 Ang.
2245 3940 2307 3949 —
2352 3903 2444 3964 ὅτε
2482 3912 2550 3963 Σ.

274 3999 487 4050 LaurS.
524 3995 673 4062 vulg.
728 3995 957 4064 ‘Verum
990 3995 1170 4046 habeo
1208 3981 1318 4046 ὅτε.
1358 4022 1419 4030 -
1456 4009 1582 4044 nam
1619 4000 1680 4046 ut
1715 4000 1883 4048 antea
1919 3997 2059 4047 dixit
2095 3997 2281 4049 Νανσ.
2320 4011 2554 4060 στρατη-

274 4081 393 4150 vair
428 4073 846 4146 ἐστεφάνωται,
886 4097 1030 4146 quum
1062 4095 1281 4145 praetor·
1316 4063 1471 4136 esset.
1520 4081 1726 4130 necdum
1761 4083 2076 4146 depomeisset
2111 4084 2348 4132 honorem
2384 4087 2434 4128 et
2468 4095 2556 4126 ra-

277 4169 443 4219 tiones
476 4167 806 4228 reddidisset,
848 4167 1011 4228 atque
1050 4169 1109 4213 ut
1142 4170 1333 4230 postca
1368 4164 1527 4214 dicit:
1571 4163 1766 4216 Νεοπτ
1797 4201 1810 4216 .
1833 4201 1846 4215 .
1866 4203 1879 4217 .
1908 4156 2212 4228 ἐπιστάτης
2245 4151 2326 4212 ὃν
2363 4159 2554 4210 eodem

278 4266 467 4312 sensu3
508 4251 590 4299 sic
628 4251 799 4300 etiam
834 4263 980 4298 nunc
1016 4252 1229 4314 tempus
1265 4249 1447 4315 aliquo
1483 4249 1642 4300 modo
1677 4249 2097 4314 significandum
2121 4252 2223 4306 est,
2261 4260 2366 4309 quo
2403 4256 2556 4292 coro·

278 4337 398 4387 nati
442 4339 600 4402 sunt,
646 4338 709 4408 ¹¹¹3
752 4336 945 4399 pateat
988 4347 1095 4382 non
1139 4333 1387 4399 deposito
1430 4334 1636 4384 honore
1679 4334 1786 4384 hoc
1832 4334 2040 4384 factum
2077 4345 2216 4380 esse.
2285 4327 2433 4376 Hinc
2471 4329 2558 4376 est

282 4419 420 4486 quod
458 4407 553 4470 ὅτε
589 4422 859 4485 praestat,
899 4415 1115 4466 causali
1139 4417 1415 4482 particula
1448 4433 1558 4468 non
1593 4433 1748 4484 opus,
1788 4432 1886 4466 cur
1911 4413 2160 4464 coronati
2193 4411 2320 4474 sint,
2359 4407 2448 4460 vel
2473 4408 2554 4459 sic
