3084 4938
872 402 1313 448 nenos’rnems
1342 404 1584 449 oum-10
1613 406 1698 449 nn
1729 408 1994 451 conon.
2057 418 2102 451 υ
2443 393 2562 459 125

296 549 347 626 ὃ
368 550 403 589 ⁷
428 550 818 629 Ἀθαναίωνς
866 566 943 629 ἔν
988 585 1062 629 τε
1107 576 1245 641 τοῖς
1294 556 1922 651 ςιιιρογεγεναμένοις9
1969 578 2224 652 καιροῖς
2273 558 2564 635 εὐνοέων

296 654 641 730 διατελετω
676 668 1063 745 Βυζαντίοις
1099 662 1209 730 καὶ
1242 677 1380 742 τοῖς
1414 661 1779 752 συμμάχοις
1813 666 1924 733 καὶ
1947 668 2300 752 συγγενέσι
2323 675 2563 757 Περιν-

292 768 479 843 θίοις
510 764 619 831 καὶ
652 760 901 843 πολλὰς
935 764 1047 832 καὶ
1080 761 1373 852 μεγάλας
1398 756 1688 854 ’χρείαςΗ
1725 769 2156 857 παρέσχηται,
2177 760 2222 799 ¹²
2257 772 2334 837 έν
2366 794 2440 836 τε
2471 772 2568 861 τῷ
2599 802 2650 839 ·.>.·.

292 962 435 1019 bene
460 982 651 1040 cupere
673 967 947 1040 Byzantiis
974 983 1087 1023 non
1097 965 1310 1022 destitit
1324 969 1562 1023 etsociis
1591 970 1948 1043 cognatisque
1973 968 2268 1027 Perinthiis
2311 980 2370 1029 et
2393 972 2564 1031 multa

294 1066 585 1125 magnaque
614 1050 793 1107 officia
822 1052 1113 1125 praestitit.
1151 1058 1263 1107 tum
1292 1053 1569 1125 praesenti
1596 1053 1701 1109 hoc
1731 1061 1974 1127 tempore
1995 1052 2247 1129 Philippo
2279 1056 2564 1114 Macedone

298 1144 538 1191 nostrum
566 1152 758 1208 agrum
790 1144 845 1191 et
874 1134 1065 1192 urbem
1098 1135 1375 1191 hostiliter
1400 1152 1666 1209 aggresso
1697 1138 1762 1194 ad
1793 1139 2056 1195 excidium
2095 1140 2477 1214 Byzantiorum
2509 1150 2564 1198 et

426 1404 476 1468 7)
510 1402 621 1455 τῶν
651 1421 705 1468 p.
742 1420 789 1453 r.
918 1400 971 1465 8)
1006 1394 1325 1453 Ἀθαναίων
1362 1401 1616 1453 Dindorf.
1655 1402 1735 1453 sic
1775 1410 1830 1455 et
1864 1405 2028 1456 infra.
2103 1406 2336 1471 Codices
2369 1398 2560 1475 Ἅθην.

298 1528 511 1601 (vind-5:
566 1503 741 1604 Ἄθῆν
791 1537 913 1601 bis).
1052 1537 1105 1601 9)
1169 1532 1614 1604 προγενομένοις
1657 1538 1866 1591 Lam-S.
1910 1541 2059 1607 vulg.
2106 1540 2248 1609 pro.
2301 1572 2370 1581 ·—-
2421 1559 2560 1609 προ-

292 1638 613 1758 *lembum
646 1690 840 1741 Vind5.
877 1718 945 1725 —-
979 1686 1426 1755 προγεναμένοις
1462 1689 1530 1741 Σ.
1575 1688 1638 1741 Τ.
1677 1690 1741 1742 Φ.
1777 1708 1823 1742 r.
1853 1692 2054 1742 Laui-8.
2083 1692 2282 1747 cori-Q.
2358 1696 2560 1747 ‘Recte

290 1775 491 1826 habere
524 1776 770 1839 videtur,
820 1790 981 1840 quum
1017 1767 1327 1841 γενάμενος
1362 1774 1567 1825 dixerit
1601 1774 1954 1825 Archimedes
1990 1793 2043 1841 p.
2081 1776 2172 1839 48,
2211 1778 2304 1841 28,
2344 1778 2437 1842 35,
2476 1780 2558 1830 38.

292 1877 345 1925 p.
388 1859 502 1924 127,
548 1859 655 1913 23)
701 1860 1129 1910 Dindorfius.
1174 1885 1242 1895 —-
1285 1852 1800 1926 προγεγενημένας
1834 1875 1903 1926 γρ
1938 1862 2096 1911 Lens.
2171 1860 2346 1911 ‘Sane
2377 1864 2558 1928 perfe-

296 1950 435 1995 ctum
466 1945 634 2011 paulo
669 1947 849 2011 magis
885 1945 1135 2010 cong-ruit
1170 1960 1293 1995 cum
1328 1943 1580 2009 perfecto
1604 1936 1980 2007 παρεστακότι
2003 1960 2084 1995 vs.
2111 1945 2194 1995 25.
2269 1945 2376 1996 Sed
2400 1963 2558 2013 prae-

294 2030 406 2079 fero
456 2031 719 2081 Doricam
778 2030 1006 2080 formam
1060 2022 1612 2095 προγεγεναμένοις.’
1675 2030 1934 2080 Schaef
1941 2046 1972 2079 e
1987 2044 2114 2081 rus.
2187 2031 2280 2081 Sic
2331 2048 2385 2097 p.
2441 2047 2563 2082 corr

290 2114 475 2165 Laui-f.
546 2115 899 2179 RecepimuS‚
938 2128 1265 2178 quamquam
1302 2113 1451 2163 nullo
1488 2114 1601 2164 alio
1637 2113 1760 2163 loco
1796 2115 2092 2164 inventum.
2187 2114 2274 2179 10)
2311 2114 2567 2167 διατελεῖ

288 2196 357 2248 Σ.
390 2200 597 2249 LaurS.
632 2200 784 2263 vulg.
818 2223 891 2236 —-
925 2191 1204 2249 διατελέει
1241 2203 1297 2247 et
1332 2198 1479 2248 infra
1512 2192 1834 2249 κατοικέειν
1867 2206 2092 2265 propter
2127 2190 2391 2265 εὐνοέων,
2431 2200 2559 2253 δεν-

287 2278 697 2347 δροκοπέοντος
736 2289 793 2333 et
828 2274 1195 2333 ἐπιστέωνται
1232 2283 1483 2333 Dindorf.
1557 2283 1644 2333 Cf.
1671 2284 1844 2333 Thac.
1873 2284 1935 2345 V,
1973 2282 2056 2348 79,
2101 2284 2192 2334 18:
2229 2279 2558 2337 κοινανεόν-

282 2384 393 2417 των
424 2366 533 2418 τᾶν
568 2365 832 2419 σπονδοῖν
865 2362 964 2418 καὶ
998 2364 1107 2417 τοῖν
1132 2362 1475 2433 ξυμμαχιοῖν.
1536 2368 1635 2417 sed
1661 2366 1828 2417 δοκεῖ
1847 2385 1893 2417 c.
1922 2368 2004 2417 77.
2075 2370 2328 2421 Docente
2353 2370 2558 2421 Ahren-

282 2454 366 2505 nio
400 2454 531 2507 Dor.
560 2454 709 2506 Dial.
737 2471 789 2520 p.
816 2451 915 2504 307
939 2468 1019 2518 sq.
1059 2466 1137 2502 εει
1172 2452 1231 2502 in
1268 2452 1513 2502 secunda
1551 2458 1608 2502 et
1641 2454 1810 2503 tertia
1845 2452 2142 2519 singularis
2178 2456 2390 2506 numeri
2415 2458 2560 2522 apud

281 2556 468 2590 omnes
502 2541 805 2590 Dorienses
850 2539 908 2588 in
956 2553 1005 2588 ει
1044 2538 1369 2588 coalescunt
1403 2541 1463 2586 ut
1495 2537 1679 2603 vulgo.
1751 2537 1858 2588 Sed
1893 2539 1952 2587 in
1985 2539 2260 2590 vocalium
2298 2555 2358 2592 εο
2396 2546 2452 2591 et
2488 2557 2559 2594 εω

280 2639 547 2674 concursu
594 2625 833 2674 maxima
878 2622 1121 2672 varietas
1170 2622 1525 2686 conspicitur.
1599 2623 1722 2673 vid.
1769 2623 1997 2674 Ahrens.
2043 2641 2100 2689 p.
2136 2624 2254 2675 219.
2323 2625 2436 2676 Nos
2471 2629 2557 2677 De

276 2693 642 2759 nocumentis
666 2709 703 2758 l.
732 2724 778 2758 c.
804 2724 855 2773 p.
888 2707 963 2756 li.
1002 2709 1191 2772 Poppo
1230 2706 1299 2756 ad
1334 2706 1507 2758 Thuc.
1547 2707 1612 2760 Τ.
1649 2707 1728 2757 IX
1759 2725 1814 2773 p.
1851 2707 1967 2763 655.
2039 2710 2104 2758 In
2139 2709 2354 2760 Rhodia
2392 2713 2557 2762 inser.

276 2795 547 2857 (Boeckh.
582 2795 647 2843 T.
684 2794 743 2843 ΙΙ
775 2809 827 2858 p.
863 2791 1001 2842 592²»
1036 2793 1140 2856 sq.)
1178 2793 1343 2842 etiam
1379 2794 1585 2859 passim
1621 2790 1889 2844 διατελεῖ.
1930 2819 1986 2829 -
2027 2791 2267 2845 διετέλει
2291 2797 2558 2848 Wunder-

274 2878 479 2929 lichius
524 2877 714 2928 Praef.
763 2894 814 2943 p.
860 2877 1017 2926 XLII
1054 2892 1133 2942 sq.
1180 2877 1261 2927 sic
1308 2877 1673 2928 defendebat:
1725 2879 2026 2928 ‘Praesens
2071 2881 2229 2930 verbi
2273 2878 2560 2932 διατελεῖν

274 2979 403 3014 cnm
435 2963 732 3030 participio
770 2963 1081 3028 praesentis
1118 2962 1359 3012 iunctum
1397 2979 1526 3028 quae
1557 2964 1766 3025 fuerunt
1791 2972 1942 3031 aeque
1968 2979 2098 3013 nunc
2119 2973 2236 3014 sunt
2259 2965 2554 3050 signiflcpt,

272 3055 335 3099 ut
373 3042 519 3114 ἔχων
556 3046 814 3099 διατελεῖ
840 3049 919 3110 55.
950 3045 993 3098 1.
1030 3045 1117 3098 95.
1187 3047 1292 3097 Sed
1332 3053 1393 3096 nt
1425 3047 1566 3096 nihil
1601 3049 1668 3097 de
1705 3050 1959 3098 iunctura
1996 3045 2254 3100 διατελεῖ
2281 3045 2380 3099 καὶ
2415 3065 2559 3115 παρ-

272 3127 509 3200 έσχηται
556 3148 831 3196 moneam,
875 3132 1187 3199 praesentis
1232 3131 1511 3182 notionem
1559 3132 1630 3181 ab
1677 3133 1728 3182 h.
1777 3132 1810 3182 1.
1851 3132 2092 3183 alienam
2131 3149 2252 3185 esse
2289 3134 2460 3185 verba.
2495 3127 2560 3186 έν

268 3233 332 3270 τε
378 3219 501 3276 τοίς
546 3213 987 3284 προγενομένοις
1035 3219 1261 3282 καιροῖς
1296 3215 1537 3266 docent.’
1577 3220 1686 3267 etc.
1756 3217 1954 3268 Merito
1990 3219 2310 3270 Disaenius:
2360 3219 2558 3270 ‘Prae-

268 3319 401 3355 sem
437 3302 505 3352 de
530 3308 775 3370 tempore
801 3302 1100 3369 praeterito
1124 3311 1278 3352 recte
1304 3303 1490 3364 habet,
1530 3307 1592 3350 ut
1617 3302 1732 3351 alia
1759 3303 2134 3352 demonstrant
2157 3305 2556 3369 psephismate.

270 3388 359 3439 cf.
398 3387 562 3453 Corp.
599 3388 773 3438 Inscr.
808 3388 874 3437 T.
909 3389 962 3437 11
996 3388 1096 3438 No.
1132 3385 1295 3438 ‘2353’
1343 3391 1400 3436 et
1442 3387 1604 3452 plura
1650 3387 1794 3436 idem
1835 3386 1905 3436 ed
1939 3387 1991 3437 h.
2031 3387 2066 3438 1.
2139 3389 2558 3452 ‘Imperfectum

270 3467 517 3524 διετέλει
574 3487 696 3522 cum
754 3473 1009 3536 sequenti
1064 3473 1313 3537 perfecto
1366 3465 1716 3537 παρέσχηται
1770 3470 1988 3522 soloece
2044 3473 2306 3537 iungitur.
2377 3487 2556 3538 neque

270 3551 475 3622 ἐπειδὴ
527 3585 587 3592 -
636 3556 893 3607 διατελεῖ
932 3556 999 3606 de
1046 3573 1105 3607 re
1150 3557 1452 3622 praeterita
1490 3557 1668 3623 mag-is
1703 3555 1944 3606 insolens
1983 3562 2070 3606 est
2105 3572 2264 3621 quam
2303 3555 2472 3622 [infra
2506 3560 2554 3620 §-

272 3643 365 3694 181
406 3641 465 3692 Σ
496 3649 553 3692 et
589 3641 805 3692 LaurS:
844 3631 1047 3707 ἐπειδὴ
1076 3677 1089 3690 .
1118 3677 1131 3690 .
1161 3679 1173 3691 .
1200 3639 1608 3706 παραιτεῖται]
1671 3632 1796 3692 ἐπεὶ
1832 3640 2016 3692 λείπει
2049 3669 2117 3678 -
2153 3644 2458 3694 ναυστολεῑ
2487 3645 2554 3696 de

265 3728 435 3778 rebus
488 3728 623 3777 item
674 3725 996 3792 praeteritis
1044 3727 1236 3791 Eurip.
1292 3726 1515 3791 Hippoi.
1569 3741 1650 3778 vs»
1697 3726 1764 3776 34
1808 3742 1916 3793 sq„
1973 3728 2068 3778 ubi
2112 3726 2382 3780 Valcken.
2442 3731 2556 3782 alia

266 3813 525 3878 exempla
562 3812 728 3861 huius
766 3811 1187 3862 constructionis
1226 3803 1524 3876 congessit.
1597 3811 1895 3877 Compei-es
1931 3813 2254 3865 Latinorum
2291 3831 2556 3881 praesens

262 3895 633 3948 historicum’
681 3895 1115 3946 Schaeferus.
1186 3895 1427 3960 Tempus
1447 3895 1523 3950 .h.
1567 3894 1603 3944 1.
1651 3897 1831 3961 potius
1867 3898 2100 3949 dixerim
2135 3916 2400 3966 praesens
2433 3915 2556 3966 per-

263 3990 487 4050 petuum
532 3997 703 4048 quam
737 3981 1059 4030 historicum
1096 3982 1133 4030 i.
1176 3997 1223 4030 e.
1260 3979 1513 4030 benivolus
1548 3981 1684 4036 olim,
1731 3983 1880 4032 etiam
1916 4001 2045 4035 nunc
2079 3987 2208 4036 idem
2243 3994 2337 4036 est.
2471 3985 2554 4048 11)

264 4062 501 4132 χάριτας
538 4065 700 4118 lndd.
737 4092 806 4101 ·-
841 4060 1020 4131 χρήας
1055 4069 1117 4115 nt
1150 4057 1432 4131 πλήονας,
1474 4055 1815 4132 ἔπιτοὶδηον,
1852 4057 2194 4135 α’σαμήωτον
2231 4071 2288 4119 in
2324 4069 2554 4118 Deci-eti

262 4155 506 4222 inscript.
550 4153 651 4203 cit.
692 4178 756 4188 —
795 4148 1008 4215 χρείας,
1048 4167 1155 4201 non
1190 4146 1425 4218 χάριτας
1462 4155 1550 4202 est
1584 4151 1914 4202 vocabulum
1951 4153 2018 4202 de
2043 4153 2150 4202 hac
2175 4169 2233 4202 re
2259 4153 2552 4217 proprium.

260 4237 342 4292 Cf.
368 4242 416 4303 5.
441 4239 531 4290 84.
574 4237 779 4288 Krebs.
818 4236 958 4302 Opp.
997 4253 1049 4302 p.
1086 4235 1187 4286 466
1222 4252 1301 4301 sq.
1344 4265 1403 4272 —
1442 4235 1638 4302 χρείας
1661 4243 1786 4304 post
1811 4232 2164 4302 παρέσχηται
2207 4253 2264 4300 p.
2295 4261 2355 4269 -—
2380 4251 2464 4285 om
2500 4253 2549 4288 r.

1932 4321 1955 4353 ε

254 4361 445 4414 Vin‘u·
482 4355 701 4412 L⁸¹¹¹¹8·
812 4356 895 4419 ¹2)
932 4351 1294 4423 παράσχηται
1329 4357 1399 4408 Σ.
1436 4359 1670 4422 Scrimg.
1705 4383 1774 4394 --·
1807 4371 2168 4422 παρασχηται
2203 4353 2419 4413 Lam-S,
2457 4372 2540 4409 ea.

248 4450 365 4500 dem
404 4461 585 4500 manu
624 4447 690 4492 ut
726 4441 961 4491 videtur.
