<?xml version="1.0" encoding="UTF-8"?>
<!DOCTYPE html PUBLIC "-//W3C//DTD XHTML 1.0 Transitional//EN"
    "http://www.w3.org/TR/xhtml1/DTD/xhtml1-transitional.dtd">
<html xmlns="http://www.w3.org/1999/xhtml" xml:lang="en" lang="en">
 <head>
  <title>
</title>
<meta http-equiv="Content-Type" content="text/html;charset=utf-8" />
  <meta name='ocr-system' content='tesseract 3.04.00' />
  <meta name='ocr-capabilities' content='ocr_page ocr_carea ocr_par ocr_line ocrx_word'/>
</head>
<body>
  <div class='ocr_page' id='page_1' title='image "./decoronaetdefal00voemgoog_0016.png"; bbox 0 0 3084 4938; ppageno 0'>
   <div class='ocr_carea' id='block_1_1' title="bbox 474 1259 2689 1500">
    <p class='ocr_par' dir='ltr' id='par_1_1' title="bbox 474 1259 2689 1500">
     <span class='ocr_line' id='line_1_1' title="bbox 474 1259 2689 1348; baseline 0.002 -6"><span class='ocrx_word' id='word_1_1' title='bbox 474 1259 1587 1345; x_wconf 80' lang='lat' dir='ltr'>PROLEGOMENORUM</span> <span class='ocrx_word' id='word_1_2' title='bbox 1656 1266 2689 1348; x_wconf 81' lang='lat' dir='ltr'><strong>GRAMMATIOORUM</strong></span> 
     </span>
     <span class='ocr_line' id='line_1_2' title="bbox 1267 1415 1879 1500; baseline 0.003 -4"><span class='ocrx_word' id='word_1_3' title='bbox 1267 1415 1879 1500; x_wconf 86' lang='lat' dir='ltr'>APPENDIX.</span> 
     </span>
    </p>
   </div>
   <div class='ocr_carea' id='block_1_2' title="bbox 1429 1621 1731 1632">
    <p class='ocr_par' dir='ltr' id='par_1_2' title="bbox 1429 1621 1731 1632">
     <span class='ocr_line' id='line_1_3' title="bbox 1429 1621 1731 1632; baseline 0 3306"><span class='ocrx_word' id='word_1_4' title='bbox 1429 1621 1731 1632; x_wconf 95' lang='lat' dir='ltr'><strong> </strong></span> 
     </span>
    </p>
   </div>
   <div class='ocr_carea' id='block_1_3' title="bbox 613 1763 2529 1934">
    <p class='ocr_par' dir='ltr' id='par_1_3' title="bbox 613 1763 2529 1934">
     <span class='ocr_line' id='line_1_4' title="bbox 613 1763 2529 1852; baseline -0.002 -17"><span class='ocrx_word' id='word_1_5' title='bbox 613 1774 668 1846; x_wconf 77' lang='lat' dir='ltr'><strong>S·</strong></span> <span class='ocrx_word' id='word_1_6' title='bbox 717 1775 857 1836; x_wconf 85' lang='lat'><strong>141.</strong></span> <span class='ocrx_word' id='word_1_7' title='bbox 941 1763 1460 1850; x_wconf 82' lang='grc' dir='ltr'><strong>Ὀλυμπίασι,</strong></span> <span class='ocrx_word' id='word_1_8' title='bbox 1511 1772 1925 1850; x_wconf 78' lang='lat' dir='ltr'><em>Olympiae.</em></span> <span class='ocrx_word' id='word_1_9' title='bbox 2008 1767 2529 1852; x_wconf 77' lang='grc' dir='ltr'><strong>Ὀλυμπιάσι,</strong></span> 
     </span>
     <span class='ocr_line' id='line_1_5' title="bbox 1287 1857 1875 1934; baseline 0.004 -18"><span class='ocrx_word' id='word_1_10' title='bbox 1287 1857 1875 1934; x_wconf 79' lang='lat' dir='ltr'><em>olympiadibus.</em></span> 
     </span>
    </p>
   </div>
   <div class='ocr_carea' id='block_1_4' title="bbox 406 1997 2787 4460">
    <p class='ocr_par' dir='ltr' id='par_1_4' title="bbox 416 1997 2741 2170">
     <span class='ocr_line' id='line_1_6' title="bbox 585 1997 2741 2088; baseline -0 -19"><span class='ocrx_word' id='word_1_11' title='bbox 585 2015 772 2069; x_wconf 84' lang='lat' dir='ltr'><strong>Locus</strong></span> <span class='ocrx_word' id='word_1_12' title='bbox 819 2014 872 2068; x_wconf 92' lang='lat' dir='ltr'><strong>in</strong></span> <span class='ocrx_word' id='word_1_13' title='bbox 913 2012 1066 2069; x_wconf 85' lang='lat' dir='ltr'><strong>libris</strong></span> <span class='ocrx_word' id='word_1_14' title='bbox 1107 2013 1254 2068; x_wconf 81' lang='lat' dir='ltr'><strong>varie</strong></span> <span class='ocrx_word' id='word_1_15' title='bbox 1300 2011 1588 2070; x_wconf 75' lang='lat' dir='ltr'><strong>scribitur.</strong></span> <span class='ocrx_word' id='word_1_16' title='bbox 1641 1997 1999 2086; x_wconf 76' lang='grc' dir='ltr'><strong>Ὀλυμπιάσι</strong></span> <span class='ocrx_word' id='word_1_17' title='bbox 2042 2013 2225 2088; x_wconf 83' lang='lat' dir='ltr'><strong>vulgo.</strong></span> <span class='ocrx_word' id='word_1_18' title='bbox 2276 2045 2348 2058; x_wconf 90' lang='lat'><strong>—-</strong></span> <span class='ocrx_word' id='word_1_19' title='bbox 2390 1998 2741 2088; x_wconf 81' lang='grc' dir='ltr'><strong>Ὀλυμπιᾶσι</strong></span> 
     </span>
     <span class='ocr_line' id='line_1_7' title="bbox 416 2081 1949 2170; baseline 0 -18"><span class='ocrx_word' id='word_1_20' title='bbox 416 2097 507 2152; x_wconf 88' lang='grc' dir='ltr'><strong>Ει1.</strong></span> <span class='ocrx_word' id='word_1_21' title='bbox 542 2099 684 2153; x_wconf 78' lang='lat' dir='ltr'><strong>ilem.</strong></span> <span class='ocrx_word' id='word_1_22' title='bbox 717 2099 884 2152; x_wconf 82' lang='lat' dir='ltr'><strong>Oxon.</strong></span> <span class='ocrx_word' id='word_1_23' title='bbox 917 2096 1044 2152; x_wconf 85' lang='lat' dir='ltr'>Bkk.</span> <span class='ocrx_word' id='word_1_24' title='bbox 1081 2128 1156 2138; x_wconf 88' lang='lat'><strong>—-</strong></span> <span class='ocrx_word' id='word_1_25' title='bbox 1182 2081 1531 2170; x_wconf 85' lang='grc' dir='ltr'><strong>Ὀλυμπίασι</strong></span> <span class='ocrx_word' id='word_1_26' title='bbox 1558 2097 1741 2154; x_wconf 89' lang='lat' dir='ltr'><strong>Eiusd.</strong></span> <span class='ocrx_word' id='word_1_27' title='bbox 1772 2097 1949 2154; x_wconf 87' lang='lat' dir='ltr'><strong>Berol.</strong></span> 
     </span>
    </p>

    <p class='ocr_par' dir='ltr' id='par_1_5' title="bbox 414 2169 2787 4460">
     <span class='ocr_line' id='line_1_8' title="bbox 585 2169 2744 2274; baseline -0.002 -34"><span class='ocrx_word' id='word_1_28' title='bbox 585 2181 766 2240; x_wconf 85' lang='lat' dir='ltr'><strong>Schol.</strong></span> <span class='ocrx_word' id='word_1_29' title='bbox 811 2181 874 2238; x_wconf 84' lang='lat' dir='ltr'><strong>ad</strong></span> <span class='ocrx_word' id='word_1_30' title='bbox 915 2183 1192 2255; x_wconf 84' lang='lat' dir='ltr'><strong>Aristoph.</strong></span> <span class='ocrx_word' id='word_1_31' title='bbox 1237 2182 1391 2274; x_wconf 88' lang='lat' dir='ltr'><strong>Vesp.</strong></span> <span class='ocrx_word' id='word_1_32' title='bbox 1435 2201 1513 2238; x_wconf 90' lang='lat' dir='ltr'><strong>vs.</strong></span> <span class='ocrx_word' id='word_1_33' title='bbox 1560 2185 1693 2237; x_wconf 80' lang='grc'><strong>1382</strong></span> <span class='ocrx_word' id='word_1_34' title='bbox 1738 2181 1857 2274; x_wconf 54' lang='grc' dir='ltr'><strong>ξε</strong></span> <span class='ocrx_word' id='word_1_35' title='bbox 1890 2181 2079 2274; x_wconf 84' lang='lat'><strong>1373):</strong></span> <span class='ocrx_word' id='word_1_36' title='bbox 2135 2169 2541 2255; x_wconf 79' lang='grc' dir='ltr'><strong>Ὀλυμπίασιν.</strong></span> <span class='ocrx_word' id='word_1_37' title='bbox 2606 2178 2744 2238; x_wconf 82' lang='grc' dir='ltr'><strong><em>Νῦν</em></strong></span> 
     </span>
     <span class='ocr_line' id='line_1_9' title="bbox 415 2253 2742 2364; baseline 0 -42"><span class='ocrx_word' id='word_1_38' title='bbox 415 2255 938 2360; x_wconf 79' lang='grc' dir='ltr'><strong><em>προπαροξύνεται.</em></strong></span> <span class='ocrx_word' id='word_1_39' title='bbox 995 2259 1145 2340; x_wconf 79' lang='grc' dir='ltr'><strong>λέγει</strong></span> <span class='ocrx_word' id='word_1_40' title='bbox 1189 2284 1301 2340; x_wconf 87' lang='grc' dir='ltr'><strong>γαρ</strong></span> <span class='ocrx_word' id='word_1_41' title='bbox 1316 2260 1480 2364; x_wconf 75' lang='grc' dir='ltr'><strong><em>περὶ</em></strong></span> <span class='ocrx_word' id='word_1_42' title='bbox 1525 2265 1633 2323; x_wconf 84' lang='grc' dir='ltr'><strong>τοῦ</strong></span> <span class='ocrx_word' id='word_1_43' title='bbox 1673 2283 1917 2324; x_wconf 85' lang='grc' dir='ltr'><strong><em>τοπου.</em></strong></span> <span class='ocrx_word' id='word_1_44' title='bbox 1971 2253 2113 2320; x_wconf 70' lang='grc' dir='ltr'><strong><em>Ἐὰν</em></strong></span> <span class='ocrx_word' id='word_1_45' title='bbox 2140 2261 2278 2340; x_wconf 85' lang='grc' dir='ltr'><strong><em>περὶ</em></strong></span> <span class='ocrx_word' id='word_1_46' title='bbox 2308 2257 2742 2342; x_wconf 77' lang='grc' dir='ltr'><strong><em>πράγματος</em></strong></span> 
     </span>
     <span class='ocr_line' id='line_1_10' title="bbox 415 2331 2743 2454; baseline 0 -48"><span class='ocrx_word' id='word_1_47' title='bbox 415 2331 456 2428; x_wconf 73' lang='grc' dir='ltr'><em>ᾗ</em></span> <span class='ocrx_word' id='word_1_48' title='bbox 486 2347 745 2424; x_wconf 79' lang='grc' dir='ltr'><em>δηλοῦσα</em></span> <span class='ocrx_word' id='word_1_49' title='bbox 785 2337 823 2421; x_wconf 82' lang='grc' dir='ltr'><em>ἡ</em></span> <span class='ocrx_word' id='word_1_50' title='bbox 866 2343 1046 2422; x_wconf 84' lang='grc' dir='ltr'><strong><em>λέξις,</em></strong></span> <span class='ocrx_word' id='word_1_51' title='bbox 1099 2340 1232 2406; x_wconf 83' lang='grc' dir='ltr'><strong><em>οἷον</em></strong></span> <span class='ocrx_word' id='word_1_52' title='bbox 1291 2339 1370 2418; x_wconf 77' lang='grc' dir='ltr'><strong>ὡς</strong></span> <span class='ocrx_word' id='word_1_53' title='bbox 1409 2347 1465 2408; x_wconf 83' lang='grc' dir='ltr'><strong>εἰ</strong></span> <span class='ocrx_word' id='word_1_54' title='bbox 1503 2346 1659 2454; x_wconf 72' lang='grc' dir='ltr'><strong>λέγοι,</strong></span> <span class='ocrx_word' id='word_1_55' title='bbox 1688 2369 1807 2422; x_wconf 71' lang='lat' dir='ltr'><strong>ug:</strong></span> <span class='ocrx_word' id='word_1_56' title='bbox 1881 2350 1900 2380; x_wconf 67' lang='lat'><strong>‘⁵&#39;</strong></span> <span class='ocrx_word' id='word_1_57' title='bbox 1920 2345 2061 2408; x_wconf 80' lang='grc' dir='ltr'><strong><em>δέκα</em></strong></span> <span class='ocrx_word' id='word_1_58' title='bbox 2094 2342 2487 2447; x_wconf 83' lang='grc' dir='ltr'><strong>Ὀλυμπιᾶσιν</strong></span> <span class='ocrx_word' id='word_1_59' title='bbox 2532 2345 2743 2422; x_wconf 78' lang='grc' dir='ltr'><strong><em>ἐφεξῆς</em></strong></span> 
     </span>
     <span class='ocr_line' id='line_1_11' title="bbox 417 2423 2737 2533; baseline 0 -41"><span class='ocrx_word' id='word_1_60' title='bbox 417 2429 687 2530; x_wconf 78' lang='grc' dir='ltr'><strong><em>ἐνίκησεν</em></strong></span> <span class='ocrx_word' id='word_1_61' title='bbox 718 2427 749 2492; x_wconf 83' lang='grc' dir='ltr'>ὁ</span> <span class='ocrx_word' id='word_1_62' title='bbox 783 2429 1006 2505; x_wconf 78' lang='grc' dir='ltr'><strong><em>δεῖνα’,</em></strong></span> <span class='ocrx_word' id='word_1_63' title='bbox 1011 2432 1535 2533; x_wconf 76' lang='grc' dir='ltr'><strong>προπερισπᾶται.</strong></span> <span class='ocrx_word' id='word_1_64' title='bbox 1587 2433 1812 2531; x_wconf 80' lang='grc' dir='ltr'><strong>γίνεται</strong></span> <span class='ocrx_word' id='word_1_65' title='bbox 1834 2455 1964 2533; x_wconf 86' lang='grc' dir='ltr'><strong>γαρ</strong></span> <span class='ocrx_word' id='word_1_66' title='bbox 2005 2423 2071 2493; x_wconf 78' lang='grc' dir='ltr'><strong>τὸ</strong></span> <span class='ocrx_word' id='word_1_67' title='bbox 2114 2424 2285 2509; x_wconf 81' lang='grc' dir='ltr'><strong><em>μὲν’</em></strong></span> <span class='ocrx_word' id='word_1_68' title='bbox 2252 2423 2369 2494; x_wconf 84' lang='grc' dir='ltr'><strong>απὸ</strong></span> <span class='ocrx_word' id='word_1_69' title='bbox 2400 2433 2507 2493; x_wconf 82' lang='grc' dir='ltr'><strong>τοῦ</strong></span> <span class='ocrx_word' id='word_1_70' title='bbox 2528 2423 2737 2531; x_wconf 86' lang='grc' dir='ltr'><em>Ὀλυμ-</em></span> 
     </span>
     <span class='ocr_line' id='line_1_12' title="bbox 415 2506 2743 2617; baseline 0 -40"><span class='ocrx_word' id='word_1_71' title='bbox 415 2518 524 2577; x_wconf 85' lang='grc' dir='ltr'><strong>πία</strong></span> <span class='ocrx_word' id='word_1_72' title='bbox 544 2507 926 2595; x_wconf 83' lang='grc' dir='ltr'><strong>Ὀλυμπίασι,</strong></span> <span class='ocrx_word' id='word_1_73' title='bbox 967 2506 1032 2576; x_wconf 75' lang='grc' dir='ltr'><strong>τὸ</strong></span> <span class='ocrx_word' id='word_1_74' title='bbox 1075 2514 1140 2577; x_wconf 77' lang='grc' dir='ltr'><strong>δὲ</strong></span> <span class='ocrx_word' id='word_1_75' title='bbox 1177 2506 1298 2577; x_wconf 76' lang='grc' dir='ltr'><strong>ἇπὸ</strong></span> <span class='ocrx_word' id='word_1_76' title='bbox 1340 2520 1448 2578; x_wconf 81' lang='grc' dir='ltr'><strong>τοῦ</strong></span> <span class='ocrx_word' id='word_1_77' title='bbox 1480 2509 1804 2617; x_wconf 77' lang='grc' dir='ltr'><strong>Ὀλυμπιάς</strong></span> <span class='ocrx_word' id='word_1_78' title='bbox 1834 2508 2219 2616; x_wconf 82' lang='grc' dir='ltr'><strong>Ὀλυμπιᾶσι,</strong></span> <span class='ocrx_word' id='word_1_79' title='bbox 2248 2516 2353 2577; x_wconf 81' lang='grc' dir='ltr'><strong>καὶ</strong></span> <span class='ocrx_word' id='word_1_80' title='bbox 2385 2540 2477 2577; x_wconf 81' lang='lat' dir='ltr'><strong>on</strong></span> <span class='ocrx_word' id='word_1_81' title='bbox 2508 2540 2578 2578; x_wconf 81' lang='grc' dir='ltr'><strong>τα</strong></span> <span class='ocrx_word' id='word_1_82' title='bbox 2608 2516 2690 2589; x_wconf 75' lang='grc' dir='ltr'><strong>εἰς</strong></span> <span class='ocrx_word' id='word_1_83' title='bbox 2720 2539 2743 2576; x_wconf 78' lang='grc' dir='ltr'><strong>ι</strong></span> 
     </span>
     <span class='ocr_line' id='line_1_13' title="bbox 408 2593 2743 2708; baseline -0 -46.996"><span class='ocrx_word' id='word_1_84' title='bbox 408 2596 700 2704; x_wconf 78' lang='grc' dir='ltr'><strong>λήγοντα</strong></span> <span class='ocrx_word' id='word_1_85' title='bbox 717 2602 834 2661; x_wconf 80' lang='grc' dir='ltr'><strong><em>τῶν</em></strong></span> <span class='ocrx_word' id='word_1_86' title='bbox 875 2595 1289 2679; x_wconf 80' lang='grc' dir='ltr'><strong><em>ἕπιρρηματων</em></strong></span> <span class='ocrx_word' id='word_1_87' title='bbox 1319 2602 1480 2681; x_wconf 78' lang='grc' dir='ltr'><strong><em>ζητεῖ</em></strong></span> <span class='ocrx_word' id='word_1_88' title='bbox 1503 2595 1608 2663; x_wconf 79' lang='grc' dir='ltr'><strong><em>τὸν</em></strong></span> <span class='ocrx_word' id='word_1_89' title='bbox 1647 2605 1885 2708; x_wconf 78' lang='grc' dir='ltr'><strong><em>πρῶτον</em></strong></span> <span class='ocrx_word' id='word_1_90' title='bbox 1914 2604 2021 2661; x_wconf 83' lang='grc' dir='ltr'><strong>τοῦ</strong></span> <span class='ocrx_word' id='word_1_91' title='bbox 2051 2593 2343 2679; x_wconf 82' lang='grc' dir='ltr'><strong><em>ὀνόματος</em></strong></span> <span class='ocrx_word' id='word_1_92' title='bbox 2370 2596 2576 2677; x_wconf 85' lang='grc' dir='ltr'><em>τόνον,</em></span> <span class='ocrx_word' id='word_1_93' title='bbox 2610 2594 2743 2661; x_wconf 79' lang='grc' dir='ltr'><strong><em>οἷον</em></strong></span> 
     </span>
     <span class='ocr_line' id='line_1_14' title="bbox 408 2649 2742 2766; baseline -0.001 -17.988"><span class='ocrx_word' id='word_1_94' title='bbox 408 2680 732 2765; x_wconf 75' lang='grc' dir='ltr'><strong>Ὀλυμπιάς</strong></span> <span class='ocrx_word' id='word_1_95' title='bbox 754 2677 1124 2763; x_wconf 84' lang='grc' dir='ltr'><strong>Ὀλυμπιᾶσι.</strong></span> <span class='ocrx_word' id='word_1_96' title='bbox 1187 2693 1258 2748; x_wconf 82' lang='lat' dir='ltr'><strong>At</strong></span> <span class='ocrx_word' id='word_1_97' title='bbox 1287 2692 1629 2766; x_wconf 87' lang='lat' dir='ltr'><strong>penultima</strong></span> <span class='ocrx_word' id='word_1_98' title='bbox 1615 2709 1669 2747; x_wconf 92' lang='grc' dir='ltr'><strong>ιιι</strong></span> <span class='ocrx_word' id='word_1_99' title='bbox 1704 2682 2053 2764; x_wconf 86' lang='grc' dir='ltr'><strong>Ὀλυμπιασι</strong></span> <span class='ocrx_word' id='word_1_100' title='bbox 2084 2692 2149 2747; x_wconf 92' lang='lat' dir='ltr'><strong>de</strong></span> <span class='ocrx_word' id='word_1_101' title='bbox 2180 2693 2396 2747; x_wconf 88' lang='lat' dir='ltr'><strong>nomine</strong></span> <span class='ocrx_word' id='word_1_102' title='bbox 2418 2649 2742 2765; x_wconf 78' lang='grc' dir='ltr'><strong>Ὀλυμπιάς</strong></span> 
     </span>
     <span class='ocr_line' id='line_1_15' title="bbox 417 2775 2742 2874; baseline -0.002 -41"><span class='ocrx_word' id='word_1_103' title='bbox 417 2795 524 2834; x_wconf 89' lang='grc' dir='ltr'><strong>ιιοιι</strong></span> <span class='ocrx_word' id='word_1_104' title='bbox 569 2776 909 2874; x_wconf 82' lang='lat' dir='ltr'><strong>producitur.</strong></span> <span class='ocrx_word' id='word_1_105' title='bbox 971 2775 1124 2844; x_wconf 87' lang='lat' dir='ltr'><strong>Quod</strong></span> <span class='ocrx_word' id='word_1_106' title='bbox 1167 2778 1308 2833; x_wconf 89' lang='lat' dir='ltr'><strong>enim</strong></span> <span class='ocrx_word' id='word_1_107' title='bbox 1352 2779 1408 2833; x_wconf 91' lang='lat' dir='ltr'><strong>in</strong></span> <span class='ocrx_word' id='word_1_108' title='bbox 1449 2776 1728 2851; x_wconf 84' lang='lat' dir='ltr'><strong>Aristoph.</strong></span> <span class='ocrx_word' id='word_1_109' title='bbox 1752 2776 2000 2850; x_wconf 80' lang='lat' dir='ltr'><strong>Lysistr.</strong></span> <span class='ocrx_word' id='word_1_110' title='bbox 2046 2794 2124 2831; x_wconf 89' lang='lat' dir='ltr'><strong>vs.</strong></span> <span class='ocrx_word' id='word_1_111' title='bbox 2160 2778 2287 2831; x_wconf 84' lang='lat'><strong>1131</strong></span> <span class='ocrx_word' id='word_1_112' title='bbox 2334 2786 2388 2832; x_wconf 89' lang='lat' dir='ltr'><strong>et</strong></span> <span class='ocrx_word' id='word_1_113' title='bbox 2420 2776 2573 2850; x_wconf 86' lang='lat' dir='ltr'><strong>Vesp.</strong></span> <span class='ocrx_word' id='word_1_114' title='bbox 2608 2780 2742 2831; x_wconf 78' lang='lat'><strong>1382</strong></span> 
     </span>
     <span class='ocr_line' id='line_1_16' title="bbox 417 2850 2740 2955; baseline -0.001 -38"><span class='ocrx_word' id='word_1_115' title='bbox 417 2862 710 2936; x_wconf 86' lang='lat' dir='ltr'><strong>penultima</strong></span> <span class='ocrx_word' id='word_1_116' title='bbox 746 2850 1134 2934; x_wconf 80' lang='grc' dir='ltr'><strong>Ὀλυμπιασιν</strong></span> <span class='ocrx_word' id='word_1_117' title='bbox 1175 2860 1529 2955; x_wconf 77' lang='lat' dir='ltr'><strong>producitur,</strong></span> <span class='ocrx_word' id='word_1_118' title='bbox 1576 2860 1815 2917; x_wconf 77' lang='lat' dir='ltr'><strong>ostendit</strong></span> <span class='ocrx_word' id='word_1_119' title='bbox 1844 2876 1967 2917; x_wconf 85' lang='lat' dir='ltr'><strong>esse</strong></span> <span class='ocrx_word' id='word_1_120' title='bbox 1996 2860 2285 2917; x_wconf 87' lang='lat' dir='ltr'><strong>locativum</strong></span> <span class='ocrx_word' id='word_1_121' title='bbox 2320 2856 2409 2937; x_wconf 78' lang='lat' dir='ltr'>(cs.</span> <span class='ocrx_word' id='word_1_122' title='bbox 2442 2860 2740 2917; x_wconf 79' lang='lat' dir='ltr'><strong>Mehlhorn.</strong></span> 
     </span>
     <span class='ocr_line' id='line_1_17' title="bbox 416 2930 2743 3045; baseline -0.002 -44"><span class='ocrx_word' id='word_1_123' title='bbox 416 2946 648 3003; x_wconf 85' lang='lat' dir='ltr'><strong>Gramm.</strong></span> <span class='ocrx_word' id='word_1_124' title='bbox 680 2946 769 3001; x_wconf 89' lang='lat' dir='ltr'><strong>Gr.</strong></span> <span class='ocrx_word' id='word_1_125' title='bbox 803 2946 822 3001; x_wconf 91' lang='lat'><strong>1</strong></span> <span class='ocrx_word' id='word_1_126' title='bbox 853 2964 907 3020; x_wconf 91' lang='lat' dir='ltr'><strong>p.</strong></span> <span class='ocrx_word' id='word_1_127' title='bbox 943 2948 1041 3001; x_wconf 85' lang='lat'><strong>133</strong></span> <span class='ocrx_word' id='word_1_128' title='bbox 1063 2940 1177 3045; x_wconf 85' lang='lat' dir='ltr'>sq.)</span> <span class='ocrx_word' id='word_1_129' title='bbox 1225 2944 1470 3003; x_wconf 80' lang='lat' dir='ltr'><strong>vocabuli</strong></span> <span class='ocrx_word' id='word_1_130' title='bbox 1511 2930 1798 3019; x_wconf 78' lang='grc' dir='ltr'><strong><em>Ὀλυμπίᾶ</em></strong></span> <span class='ocrx_word' id='word_1_131' title='bbox 1828 2954 1884 3001; x_wconf 89' lang='lat' dir='ltr'><strong>et</strong></span> <span class='ocrx_word' id='word_1_132' title='bbox 1914 2945 2257 3002; x_wconf 86' lang='lat' dir='ltr'><strong>scribendum</strong></span> <span class='ocrx_word' id='word_1_133' title='bbox 2290 2962 2409 3001; x_wconf 85' lang='lat' dir='ltr'><strong>esse</strong></span> <span class='ocrx_word' id='word_1_134' title='bbox 2431 2935 2743 3017; x_wconf 80' lang='grc' dir='ltr'><strong>Ολυμπία-</strong></span> 
     </span>
     <span class='ocr_line' id='line_1_18' title="bbox 415 3018 2714 3123; baseline 0 -38"><span class='ocrx_word' id='word_1_135' title='bbox 415 3044 512 3087; x_wconf 88' lang='grc' dir='ltr'><strong>σιν</strong></span> <span class='ocrx_word' id='word_1_136' title='bbox 543 3033 672 3102; x_wconf 90' lang='grc' dir='ltr'><strong>(ιιοιι</strong></span> <span class='ocrx_word' id='word_1_137' title='bbox 704 3046 1004 3123; x_wconf 87' lang='lat' dir='ltr'><strong>suppresso</strong></span> <span class='ocrx_word' id='word_1_138' title='bbox 1044 3018 1261 3105; x_wconf 77' lang='grc' dir='ltr'><strong>ἄγωσι,</strong></span> <span class='ocrx_word' id='word_1_139' title='bbox 1307 3039 1368 3086; x_wconf 82' lang='grc' dir='ltr'><strong>ιιι</strong></span> <span class='ocrx_word' id='word_1_140' title='bbox 1410 3032 1667 3104; x_wconf 79' lang='lat' dir='ltr'><strong>opinatur</strong></span> <span class='ocrx_word' id='word_1_141' title='bbox 1709 3030 2005 3103; x_wconf 87' lang='lat' dir='ltr'><strong>Goettling.</strong></span> <span class='ocrx_word' id='word_1_142' title='bbox 2036 3031 2257 3087; x_wconf 82' lang='lat' dir='ltr'><strong>Accent.</strong></span> <span class='ocrx_word' id='word_1_143' title='bbox 2290 3048 2340 3104; x_wconf 93' lang='lat' dir='ltr'>p</span> <span class='ocrx_word' id='word_1_144' title='bbox 2375 3034 2477 3084; x_wconf 75' lang='grc'><strong>354</strong></span> <span class='ocrx_word' id='word_1_145' title='bbox 2508 3030 2714 3103; x_wconf 88' lang='lat' dir='ltr'>sq.)‚u</span> 
     </span>
     <span class='ocr_line' id='line_1_19' title="bbox 419 3098 2739 3189; baseline -0.001 -17"><span class='ocrx_word' id='word_1_146' title='bbox 419 3119 472 3172; x_wconf 90' lang='lat' dir='ltr'><strong>in</strong></span> <span class='ocrx_word' id='word_1_147' title='bbox 493 3114 946 3172; x_wconf 84' lang='lat' dir='ltr'><strong>SuidaeArticulo</strong></span> <span class='ocrx_word' id='word_1_148' title='bbox 970 3098 1294 3188; x_wconf 74' lang='grc' dir='ltr'><strong>Ὀλυμπιάς</strong></span> <span class='ocrx_word' id='word_1_149' title='bbox 1326 3114 1496 3171; x_wconf 90' lang='lat' dir='ltr'><strong>altero</strong></span> <span class='ocrx_word' id='word_1_150' title='bbox 1513 3116 1894 3189; x_wconf 76' lang='lat' dir='ltr'><strong>Bernhardyus</strong></span> <span class='ocrx_word' id='word_1_151' title='bbox 1924 3116 2163 3172; x_wconf 80' lang='lat' dir='ltr'><strong>correxit</strong></span> <span class='ocrx_word' id='word_1_152' title='bbox 2194 3123 2249 3171; x_wconf 88' lang='lat' dir='ltr'><strong>et</strong></span> <span class='ocrx_word' id='word_1_153' title='bbox 2280 3114 2552 3171; x_wconf 80' lang='lat' dir='ltr'><strong>invenitur</strong></span> <span class='ocrx_word' id='word_1_154' title='bbox 2582 3116 2739 3170; x_wconf 87' lang='lat' dir='ltr'><strong>etiam</strong></span> 
     </span>
     <span class='ocr_line' id='line_1_20' title="bbox 414 3186 2743 3274; baseline -0.002 -17"><span class='ocrx_word' id='word_1_155' title='bbox 414 3202 468 3257; x_wconf 95' lang='lat' dir='ltr'><strong>in</strong></span> <span class='ocrx_word' id='word_1_156' title='bbox 498 3200 820 3273; x_wconf 82' lang='lat' dir='ltr'><strong>Antiphanis</strong></span> <span class='ocrx_word' id='word_1_157' title='bbox 849 3200 1118 3255; x_wconf 86' lang='lat' dir='ltr'><strong>Trimetro</strong></span> <span class='ocrx_word' id='word_1_158' title='bbox 1150 3198 1293 3273; x_wconf 90' lang='lat' dir='ltr'><strong>apud</strong></span> <span class='ocrx_word' id='word_1_159' title='bbox 1322 3200 1516 3256; x_wconf 82' lang='lat' dir='ltr'><strong>Athen.</strong></span> <span class='ocrx_word' id='word_1_160' title='bbox 1550 3200 1567 3255; x_wconf 94' lang='lat' dir='ltr'><strong>l</strong></span> <span class='ocrx_word' id='word_1_161' title='bbox 1600 3219 1653 3274; x_wconf 93' lang='lat' dir='ltr'><strong>p.</strong></span> <span class='ocrx_word' id='word_1_162' title='bbox 1683 3206 1736 3257; x_wconf 87' lang='lat'><strong>5.</strong></span> <span class='ocrx_word' id='word_1_163' title='bbox 1768 3202 1829 3255; x_wconf 82' lang='lat' dir='ltr'>A.</span> <span class='ocrx_word' id='word_1_164' title='bbox 1888 3199 2017 3256; x_wconf 87' lang='lat' dir='ltr'><strong>Nam</strong></span> <span class='ocrx_word' id='word_1_165' title='bbox 2040 3186 2385 3272; x_wconf 83' lang='grc' dir='ltr'><strong>Ὀλυμπιασι</strong></span> <span class='ocrx_word' id='word_1_166' title='bbox 2416 3198 2743 3273; x_wconf 79' lang='lat' dir='ltr'><strong>penultimae</strong></span> 
     </span>
     <span class='ocr_line' id='line_1_21' title="bbox 415 3272 2743 3377; baseline -0.003 -35"><span class='ocrx_word' id='word_1_167' title='bbox 415 3293 700 3377; x_wconf 82' lang='lat' dir='ltr'><strong>correptae</strong></span> <span class='ocrx_word' id='word_1_168' title='bbox 731 3301 838 3340; x_wconf 92' lang='lat' dir='ltr'><strong>non</strong></span> <span class='ocrx_word' id='word_1_169' title='bbox 870 3291 1057 3377; x_wconf 89' lang='lat' dir='ltr'><strong>potest</strong></span> <span class='ocrx_word' id='word_1_170' title='bbox 1087 3300 1208 3340; x_wconf 90' lang='lat' dir='ltr'><strong>esse</strong></span> <span class='ocrx_word' id='word_1_171' title='bbox 1237 3286 1795 3358; x_wconf 88' lang='lat' dir='ltr'><strong>properispomenon‚</strong></span> <span class='ocrx_word' id='word_1_172' title='bbox 1842 3284 1937 3341; x_wconf 86' lang='lat' dir='ltr'><strong>sed</strong></span> <span class='ocrx_word' id='word_1_173' title='bbox 1960 3272 2284 3357; x_wconf 80' lang='grc' dir='ltr'><strong>Ὀλυμπιάς</strong></span> <span class='ocrx_word' id='word_1_174' title='bbox 2316 3283 2477 3341; x_wconf 87' lang='lat' dir='ltr'><strong>habet</strong></span> <span class='ocrx_word' id='word_1_175' title='bbox 2506 3282 2743 3340; x_wconf 87' lang='lat' dir='ltr'><strong>dativum</strong></span> 
     </span>
     <span class='ocr_line' id='line_1_22' title="bbox 415 3354 2742 3445; baseline -0.001 -20"><span class='ocrx_word' id='word_1_176' title='bbox 415 3370 642 3445; x_wconf 89' lang='lat' dir='ltr'><strong>pluralis</strong></span> <span class='ocrx_word' id='word_1_177' title='bbox 679 3354 1051 3443; x_wconf 77' lang='grc' dir='ltr'><strong>Ὀλυμπιάσι.</strong></span> <span class='ocrx_word' id='word_1_178' title='bbox 1110 3370 1360 3425; x_wconf 80' lang='lat' dir='ltr'><strong>Attamen</strong></span> <span class='ocrx_word' id='word_1_179' title='bbox 1405 3371 1567 3425; x_wconf 87' lang='lat' dir='ltr'><strong>etiam</strong></span> <span class='ocrx_word' id='word_1_180' title='bbox 1618 3370 1952 3427; x_wconf 88' lang='lat' dir='ltr'><strong>Phavorinus</strong></span> <span class='ocrx_word' id='word_1_181' title='bbox 1994 3368 2219 3425; x_wconf 87' lang='lat' dir='ltr'><strong>eundem</strong></span> <span class='ocrx_word' id='word_1_182' title='bbox 2262 3384 2505 3425; x_wconf 87' lang='lat' dir='ltr'><strong>errorem</strong></span> <span class='ocrx_word' id='word_1_183' title='bbox 2555 3368 2742 3424; x_wconf 79' lang='lat' dir='ltr'><strong>refert.</strong></span> 
     </span>
     <span class='ocr_line' id='line_1_23' title="bbox 415 3438 2743 3529; baseline -0.002 -18"><span class='ocrx_word' id='word_1_184' title='bbox 415 3455 629 3512; x_wconf 88' lang='lat' dir='ltr'><strong>Scilicet</strong></span> <span class='ocrx_word' id='word_1_185' title='bbox 669 3454 961 3529; x_wconf 85' lang='lat' dir='ltr'><strong>descripsit</strong></span> <span class='ocrx_word' id='word_1_186' title='bbox 999 3453 1184 3510; x_wconf 87' lang='lat' dir='ltr'><strong>eadem</strong></span> <span class='ocrx_word' id='word_1_187' title='bbox 1216 3452 1403 3515; x_wconf 83' lang='lat' dir='ltr'><strong>v.erba</strong></span> <span class='ocrx_word' id='word_1_188' title='bbox 1447 3456 1502 3509; x_wconf 92' lang='lat' dir='ltr'><strong>in</strong></span> <span class='ocrx_word' id='word_1_189' title='bbox 1534 3454 1734 3528; x_wconf 89' lang='lat' dir='ltr'><strong>quibus</strong></span> <span class='ocrx_word' id='word_1_190' title='bbox 1768 3438 2159 3526; x_wconf 81' lang='grc' dir='ltr'><strong>Ὀλυμπιᾶσιν</strong></span> <span class='ocrx_word' id='word_1_191' title='bbox 2188 3460 2243 3508; x_wconf 89' lang='lat' dir='ltr'><strong>et</strong></span> <span class='ocrx_word' id='word_1_192' title='bbox 2271 3448 2743 3526; x_wconf 80' lang='grc' dir='ltr'><strong>προπερισπᾶται</strong></span> 
     </span>
     <span class='ocr_line' id='line_1_24' title="bbox 415 3526 2741 3613; baseline -0.001 -17"><span class='ocrx_word' id='word_1_193' title='bbox 415 3540 732 3611; x_wconf 82' lang='lat' dir='ltr'><strong>corrigenda</strong></span> <span class='ocrx_word' id='word_1_194' title='bbox 773 3556 894 3596; x_wconf 89' lang='lat' dir='ltr'><strong>esse</strong></span> <span class='ocrx_word' id='word_1_195' title='bbox 935 3541 988 3595; x_wconf 93' lang='lat' dir='ltr'><strong>in</strong></span> <span class='ocrx_word' id='word_1_196' title='bbox 1023 3526 1412 3611; x_wconf 77' lang='grc' dir='ltr'><strong>Ὀλυμπιάσιν</strong></span> <span class='ocrx_word' id='word_1_197' title='bbox 1442 3546 1498 3593; x_wconf 88' lang='lat' dir='ltr'><strong>et</strong></span> <span class='ocrx_word' id='word_1_198' title='bbox 1538 3528 1928 3613; x_wconf 81' lang='grc' dir='ltr'><strong>παροξύνεται</strong></span> <span class='ocrx_word' id='word_1_199' title='bbox 1974 3546 2199 3595; x_wconf 85' lang='lat' dir='ltr'><strong>censent</strong></span> <span class='ocrx_word' id='word_1_200' title='bbox 2228 3537 2662 3610; x_wconf 81' lang='lat' dir='ltr'><strong>Goettlingiusl.</strong></span> <span class='ocrx_word' id='word_1_201' title='bbox 2694 3556 2741 3594; x_wconf 93' lang='lat' dir='ltr'><strong>c.</strong></span> 
     </span>
     <span class='ocr_line' id='line_1_25' title="bbox 415 3621 2744 3697; baseline 0 -18"><span class='ocrx_word' id='word_1_202' title='bbox 415 3632 470 3679; x_wconf 90' lang='lat' dir='ltr'><strong>et</strong></span> <span class='ocrx_word' id='word_1_203' title='bbox 499 3621 801 3679; x_wconf 87' lang='lat' dir='ltr'><strong>Lobeckius</strong></span> <span class='ocrx_word' id='word_1_204' title='bbox 832 3624 896 3679; x_wconf 87' lang='lat' dir='ltr'><strong>ad</strong></span> <span class='ocrx_word' id='word_1_205' title='bbox 927 3624 1234 3679; x_wconf 82' lang='lat' dir='ltr'><strong>Buttmann.</strong></span> <span class='ocrx_word' id='word_1_206' title='bbox 1269 3624 1500 3679; x_wconf 89' lang='lat' dir='ltr'><strong>Gramm</strong></span> <span class='ocrx_word' id='word_1_207' title='bbox 1533 3625 1593 3678; x_wconf 88' lang='grc' dir='ltr'><strong>Τ.</strong></span> <span class='ocrx_word' id='word_1_208' title='bbox 1626 3623 1667 3678; x_wconf 91' lang='lat' dir='ltr'><strong>ll</strong></span> <span class='ocrx_word' id='word_1_209' title='bbox 1712 3642 1765 3697; x_wconf 94' lang='lat' dir='ltr'>p.</span> <span class='ocrx_word' id='word_1_210' title='bbox 1798 3627 1913 3678; x_wconf 83' lang='lat'>352.</span> <span class='ocrx_word' id='word_1_211' title='bbox 1974 3622 2061 3679; x_wconf 90' lang='lat' dir='ltr'><strong>Sic</strong></span> <span class='ocrx_word' id='word_1_212' title='bbox 2091 3626 2230 3679; x_wconf 88' lang='lat' dir='ltr'><strong>enim</strong></span> <span class='ocrx_word' id='word_1_213' title='bbox 2265 3625 2439 3696; x_wconf 86' lang='lat' dir='ltr'><strong>ipsius</strong></span> <span class='ocrx_word' id='word_1_214' title='bbox 2470 3623 2744 3679; x_wconf 88' lang='lat' dir='ltr'><strong>Gramma-</strong></span> 
     </span>
     <span class='ocr_line' id='line_1_26' title="bbox 417 3706 2746 3781; baseline 0 -18"><span class='ocrx_word' id='word_1_215' title='bbox 417 3709 508 3765; x_wconf 84' lang='lat' dir='ltr'><strong>tici</strong></span> <span class='ocrx_word' id='word_1_216' title='bbox 551 3706 738 3781; x_wconf 82' lang='lat' dir='ltr'><strong>regula</strong></span> <span class='ocrx_word' id='word_1_217' title='bbox 780 3706 931 3763; x_wconf 88' lang='lat' dir='ltr'><strong>iubet</strong></span> <span class='ocrx_word' id='word_1_218' title='bbox 961 3706 1025 3761; x_wconf 87' lang='lat' dir='ltr'><strong>de</strong></span> <span class='ocrx_word' id='word_1_219' title='bbox 1056 3715 1280 3765; x_wconf 90' lang='lat' dir='ltr'><strong>accentu</strong></span> <span class='ocrx_word' id='word_1_220' title='bbox 1308 3708 1592 3778; x_wconf 78' lang='lat' dir='ltr'><strong>primitivo</strong></span> <span class='ocrx_word' id='word_1_221' title='bbox 1622 3710 1872 3764; x_wconf 77' lang='lat' dir='ltr'><strong>nominis,</strong></span> <span class='ocrx_word' id='word_1_222' title='bbox 1914 3709 2165 3764; x_wconf 76' lang='lat' dir='ltr'><strong>Attamen</strong></span> <span class='ocrx_word' id='word_1_223' title='bbox 2208 3708 2441 3765; x_wconf 77' lang='lat' dir='ltr'><strong>sortasse</strong></span> <span class='ocrx_word' id='word_1_224' title='bbox 2471 3706 2746 3763; x_wconf 76' lang='lat' dir='ltr'><strong>Gramina-</strong></span> 
     </span>
     <span class='ocr_line' id='line_1_27' title="bbox 416 3790 2743 3867; baseline -0.001 -17"><span class='ocrx_word' id='word_1_225' title='bbox 416 3794 558 3850; x_wconf 81' lang='lat' dir='ltr'><strong>ticus</strong></span> <span class='ocrx_word' id='word_1_226' title='bbox 590 3791 692 3849; x_wconf 90' lang='lat' dir='ltr'><strong>sibi</strong></span> <span class='ocrx_word' id='word_1_227' title='bbox 721 3794 899 3848; x_wconf 90' lang='lat' dir='ltr'><strong>minus</strong></span> <span class='ocrx_word' id='word_1_228' title='bbox 931 3800 1174 3855; x_wconf 87' lang='lat' dir='ltr'><strong>constat,</strong></span> <span class='ocrx_word' id='word_1_229' title='bbox 1221 3794 1486 3847; x_wconf 88' lang='lat' dir='ltr'><strong>rationem</strong></span> <span class='ocrx_word' id='word_1_230' title='bbox 1531 3792 1747 3867; x_wconf 90' lang='lat' dir='ltr'><strong>quidem</strong></span> <span class='ocrx_word' id='word_1_231' title='bbox 1790 3801 1937 3849; x_wconf 87' lang='lat' dir='ltr'><strong>recte</strong></span> <span class='ocrx_word' id='word_1_232' title='bbox 1968 3792 2231 3867; x_wconf 88' lang='lat' dir='ltr'><strong>prodens.</strong></span> <span class='ocrx_word' id='word_1_233' title='bbox 2265 3790 2359 3848; x_wconf 86' lang='lat' dir='ltr'><strong>sed</strong></span> <span class='ocrx_word' id='word_1_234' title='bbox 2390 3808 2577 3848; x_wconf 86' lang='lat' dir='ltr'><strong>errans</strong></span> <span class='ocrx_word' id='word_1_235' title='bbox 2610 3794 2743 3847; x_wconf 88' lang='lat' dir='ltr'><strong>scri·</strong></span> 
     </span>
     <span class='ocr_line' id='line_1_28' title="bbox 417 3876 2741 3952; baseline -0.001 -19"><span class='ocrx_word' id='word_1_236' title='bbox 417 3882 578 3952; x_wconf 71' lang='lat' dir='ltr'><strong>ptura</strong></span> <span class='ocrx_word' id='word_1_237' title='bbox 609 3878 854 3933; x_wconf 90' lang='lat' dir='ltr'><strong>codicum</strong></span> <span class='ocrx_word' id='word_1_238' title='bbox 886 3876 1268 3933; x_wconf 87' lang='lat' dir='ltr'><strong>adhibitorum.</strong></span> <span class='ocrx_word' id='word_1_239' title='bbox 1309 3892 1430 3934; x_wconf 87' lang='lat' dir='ltr'><strong>nam</strong></span> <span class='ocrx_word' id='word_1_240' title='bbox 1461 3880 1625 3935; x_wconf 87' lang='lat' dir='ltr'><strong>etiam</strong></span> <span class='ocrx_word' id='word_1_241' title='bbox 1654 3876 1910 3935; x_wconf 81' lang='lat' dir='ltr'><strong>Exercitt.</strong></span> <span class='ocrx_word' id='word_1_242' title='bbox 1943 3878 2159 3934; x_wconf 88' lang='lat' dir='ltr'><strong>Ilomer.</strong></span> <span class='ocrx_word' id='word_1_243' title='bbox 2192 3879 2245 3932; x_wconf 93' lang='lat' dir='ltr'><strong>in</strong></span> <span class='ocrx_word' id='word_1_244' title='bbox 2276 3877 2513 3932; x_wconf 87' lang='lat' dir='ltr'><strong>Crameri</strong></span> <span class='ocrx_word' id='word_1_245' title='bbox 2544 3876 2741 3933; x_wconf 84' lang='lat' dir='ltr'><strong>Anecd.</strong></span> 
     </span>
     <span class='ocr_line' id='line_1_29' title="bbox 416 3946 2743 4057; baseline -0.001 -38"><span class='ocrx_word' id='word_1_246' title='bbox 416 3964 507 4019; x_wconf 85' lang='lat' dir='ltr'>Ox.</span> <span class='ocrx_word' id='word_1_247' title='bbox 541 3963 599 4017; x_wconf 85' lang='lat' dir='ltr'>T.</span> <span class='ocrx_word' id='word_1_248' title='bbox 631 3962 734 4036; x_wconf 91' lang='lat' dir='ltr'>lp.</span> <span class='ocrx_word' id='word_1_249' title='bbox 767 3964 895 4017; x_wconf 77' lang='grc' dir='ltr'><strong>388ε</strong></span> <span class='ocrx_word' id='word_1_250' title='bbox 956 3955 1010 4017; x_wconf 84' lang='grc' dir='ltr'><strong>εἰ</strong></span> <span class='ocrx_word' id='word_1_251' title='bbox 1051 3955 1115 4017; x_wconf 82' lang='grc' dir='ltr'><strong>δὲ</strong></span> <span class='ocrx_word' id='word_1_252' title='bbox 1154 3946 1426 4030; x_wconf 81' lang='grc' dir='ltr'><strong>ὀξύνεται</strong></span> <span class='ocrx_word' id='word_1_253' title='bbox 1466 3980 1547 4021; x_wconf 80' lang='grc' dir='ltr'><strong>το</strong></span> <span class='ocrx_word' id='word_1_254' title='bbox 1576 3950 1998 4037; x_wconf 79' lang='grc' dir='ltr'><strong><em>πρωτότυπον,</em></strong></span> <span class='ocrx_word' id='word_1_255' title='bbox 2040 3957 2648 4057; x_wconf 78' lang='grc' dir='ltr'><strong>προπερισπᾶται</strong></span> <span class='ocrx_word' id='word_1_256' title='bbox 2678 3948 2743 4016; x_wconf 79' lang='grc' dir='ltr'><strong>τὸ</strong></span> 
     </span>
     <span class='ocr_line' id='line_1_30' title="bbox 406 4030 2745 4143; baseline -0.001 -39.993"><span class='ocrx_word' id='word_1_257' title='bbox 406 4042 737 4143; x_wconf 72' lang='grc' dir='ltr'><strong><em>ἕπίρρημαε</em></strong></span> <span class='ocrx_word' id='word_1_258' title='bbox 795 4030 1004 4141; x_wconf 81' lang='grc' dir='ltr'><strong><em>ἆγορα</em></strong></span> <span class='ocrx_word' id='word_1_259' title='bbox 1021 4035 1328 4121; x_wconf 73' lang='grc' dir='ltr'><strong><em>ἀγορῆθεν</em></strong></span> <span class='ocrx_word' id='word_1_260' title='bbox 1375 4077 1447 4087; x_wconf 97' lang='grc'>-</span> <span class='ocrx_word' id='word_1_261' title='bbox 1492 4046 1933 4119; x_wconf 84' lang='grc' dir='ltr'><strong>(11οιιι.οι1.Μ</strong></span> <span class='ocrx_word' id='word_1_262' title='bbox 1970 4064 2047 4102; x_wconf 74' lang='lat' dir='ltr'><strong>vs.</strong></span> <span class='ocrx_word' id='word_1_263' title='bbox 2080 4046 2221 4118; x_wconf 79' lang='lat'>439).</span> <span class='ocrx_word' id='word_1_264' title='bbox 2284 4034 2489 4113; x_wconf 82' lang='grc' dir='ltr'><strong><em>Ουτως</em></strong></span> <span class='ocrx_word' id='word_1_265' title='bbox 2535 4037 2599 4101; x_wconf 77' lang='grc' dir='ltr'><strong>δὲ</strong></span> <span class='ocrx_word' id='word_1_266' title='bbox 2642 4039 2745 4101; x_wconf 82' lang='grc' dir='ltr'><strong>και</strong></span> 
     </span>
     <span class='ocr_line' id='line_1_31' title="bbox 406 4116 2743 4225; baseline -0.001 -36.984"><span class='ocrx_word' id='word_1_267' title='bbox 406 4118 696 4206; x_wconf 84' lang='grc' dir='ltr'><strong><em>Ὀλυμπία</em></strong></span> <span class='ocrx_word' id='word_1_268' title='bbox 727 4124 967 4205; x_wconf 83' lang='grc' dir='ltr'><strong><em>λέγομεν</em></strong></span> <span class='ocrx_word' id='word_1_269' title='bbox 990 4120 1410 4225; x_wconf 81' lang='grc' dir='ltr'><strong><em>Ὀλυμπίαθεν.</em></strong></span> <span class='ocrx_word' id='word_1_270' title='bbox 1477 4124 1792 4203; x_wconf 80' lang='grc' dir='ltr'><strong>Τέτριπται</strong></span> <span class='ocrx_word' id='word_1_271' title='bbox 1840 4124 1903 4186; x_wconf 84' lang='grc' dir='ltr'><strong>δὲ</strong></span> <span class='ocrx_word' id='word_1_272' title='bbox 1934 4118 2299 4204; x_wconf 79' lang='grc' dir='ltr'><strong>Ὀλυμπιιὶθι</strong></span> <span class='ocrx_word' id='word_1_273' title='bbox 2340 4122 2441 4186; x_wconf 79' lang='grc' dir='ltr'><strong>καὶ</strong></span> <span class='ocrx_word' id='word_1_274' title='bbox 2490 4116 2743 4203; x_wconf 82' lang='grc' dir='ltr'><em>’-Ολυμ</em></span> 
     </span>
     <span class='ocr_line' id='line_1_32' title="bbox 415 4201 2745 4291; baseline -0.001 -18"><span class='ocrx_word' id='word_1_275' title='bbox 415 4214 703 4274; x_wconf 80' lang='grc' dir='ltr'><strong>πιᾶσιν.</strong></span> <span class='ocrx_word' id='word_1_276' title='bbox 765 4216 868 4273; x_wconf 85' lang='lat' dir='ltr'><strong>Sed</strong></span> <span class='ocrx_word' id='word_1_277' title='bbox 901 4218 951 4272; x_wconf 89' lang='grc' dir='ltr'><strong>1ι</strong></span> <span class='ocrx_word' id='word_1_278' title='bbox 985 4215 1021 4270; x_wconf 94' lang='grc'><strong>1.</strong></span> <span class='ocrx_word' id='word_1_279' title='bbox 1055 4233 1160 4273; x_wconf 86' lang='lat' dir='ltr'><strong>scr.</strong></span> <span class='ocrx_word' id='word_1_280' title='bbox 1197 4201 1563 4288; x_wconf 82' lang='grc' dir='ltr'><strong>Ὀλυμπίαθι</strong></span> <span class='ocrx_word' id='word_1_281' title='bbox 1595 4214 1891 4273; x_wconf 87' lang='lat' dir='ltr'><strong>secundum</strong></span> <span class='ocrx_word' id='word_1_282' title='bbox 1920 4216 2091 4289; x_wconf 84' lang='lat' dir='ltr'><strong>Etym.</strong></span> <span class='ocrx_word' id='word_1_283' title='bbox 2126 4216 2210 4271; x_wconf 93' lang='lat' dir='ltr'><strong><em>M</em></strong></span> <span class='ocrx_word' id='word_1_284' title='bbox 2232 4235 2286 4291; x_wconf 87' lang='lat' dir='ltr'><strong>p.</strong></span> <span class='ocrx_word' id='word_1_285' title='bbox 2318 4220 2414 4279; x_wconf 81' lang='lat'><strong>25,</strong></span> <span class='ocrx_word' id='word_1_286' title='bbox 2449 4218 2513 4269; x_wconf 83' lang='lat'><strong>16</strong></span> <span class='ocrx_word' id='word_1_287' title='bbox 2544 4225 2600 4272; x_wconf 89' lang='lat' dir='ltr'><strong>et</strong></span> <span class='ocrx_word' id='word_1_288' title='bbox 2630 4216 2745 4273; x_wconf 70' lang='grc' dir='ltr'><strong>ΐοι-</strong></span> 
     </span>
     <span class='ocr_line' id='line_1_33' title="bbox 417 4289 2745 4375; baseline -0.002 -17"><span class='ocrx_word' id='word_1_289' title='bbox 417 4311 560 4358; x_wconf 79' lang='lat' dir='ltr'><strong>tasse</strong></span> <span class='ocrx_word' id='word_1_290' title='bbox 593 4289 1000 4374; x_wconf 81' lang='grc' dir='ltr'><strong>’.Ολυμπίασιν</strong></span> <span class='ocrx_word' id='word_1_291' title='bbox 1089 4301 1219 4356; x_wconf 87' lang='lat' dir='ltr'><strong>Item</strong></span> <span class='ocrx_word' id='word_1_292' title='bbox 1265 4300 1434 4357; x_wconf 89' lang='lat' dir='ltr'><strong>multa</strong></span> <span class='ocrx_word' id='word_1_293' title='bbox 1474 4300 1540 4357; x_wconf 88' lang='lat' dir='ltr'><strong>ab</strong></span> <span class='ocrx_word' id='word_1_294' title='bbox 1584 4300 1888 4357; x_wconf 77' lang='lat' dir='ltr'><strong>Hemsterli.</strong></span> <span class='ocrx_word' id='word_1_295' title='bbox 1932 4300 1997 4358; x_wconf 91' lang='lat' dir='ltr'><strong>ad</strong></span> <span class='ocrx_word' id='word_1_296' title='bbox 2040 4301 2259 4359; x_wconf 88' lang='lat' dir='ltr'><strong>Lucian.</strong></span> <span class='ocrx_word' id='word_1_297' title='bbox 2303 4302 2515 4358; x_wconf 86' lang='lat' dir='ltr'><strong>Timon.</strong></span> <span class='ocrx_word' id='word_1_298' title='bbox 2558 4318 2679 4375; x_wconf 88' lang='lat' dir='ltr'>cap.</span> <span class='ocrx_word' id='word_1_299' title='bbox 2712 4306 2745 4354; x_wconf 83' lang='lat'><strong>4</strong></span> 
     </span>
     <span class='ocr_line' id='line_1_34' title="bbox 416 4385 2787 4460; baseline -0.001 -17"><span class='ocrx_word' id='word_1_300' title='bbox 416 4385 642 4444; x_wconf 81' lang='lat' dir='ltr'><strong>collecta</strong></span> <span class='ocrx_word' id='word_1_301' title='bbox 671 4385 912 4460; x_wconf 77' lang='lat' dir='ltr'><strong>exempla</strong></span> <span class='ocrx_word' id='word_1_302' title='bbox 943 4385 1261 4459; x_wconf 85' lang='lat' dir='ltr'><strong>corrigenda</strong></span> <span class='ocrx_word' id='word_1_303' title='bbox 1296 4394 1441 4442; x_wconf 86' lang='lat' dir='ltr'><strong>sunt.</strong></span> <span class='ocrx_word' id='word_1_304' title='bbox 1502 4386 1819 4443; x_wconf 86' lang='lat' dir='ltr'><strong>Rectissime</strong></span> <span class='ocrx_word' id='word_1_305' title='bbox 1848 4388 1991 4442; x_wconf 89' lang='lat' dir='ltr'><strong>enim</strong></span> <span class='ocrx_word' id='word_1_306' title='bbox 2022 4388 2185 4443; x_wconf 88' lang='lat' dir='ltr'><strong>etiam</strong></span> <span class='ocrx_word' id='word_1_307' title='bbox 2214 4385 2646 4443; x_wconf 75' lang='lat' dir='ltr'><strong>Bekker.1&#39;rael&#39;.</strong></span> <span class='ocrx_word' id='word_1_308' title='bbox 2678 4385 2744 4442; x_wconf 81' lang='lat' dir='ltr'><strong>ad</strong></span> <span class='ocrx_word' id='word_1_309' title='bbox 2778 4410 2787 4417; x_wconf 94' lang='lat'><em>·</em></span> 
     </span>
    </p>
   </div>
   <div class='ocr_carea' id='block_1_5' title="bbox 3073 351 3076 880">
    <p class='ocr_par' dir='ltr' id='par_1_6' title="bbox 3073 351 3076 880">
     <span class='ocr_line' id='line_1_35' title="bbox 3073 351 3076 880; baseline 0 0"><span class='ocrx_word' id='word_1_310' title='bbox 3073 351 3076 880; x_wconf 95' lang='lat' dir='ltr'><strong> </strong></span> 
     </span>
    </p>
   </div>
  </div>
 </body>
</html>
