3084 4938
989 314 1432 359 nnuos'rrmms
1465 318 1701 359 orm-rm
1733 320 1816 359 me
1848 319 2112 361 ennom.
2566 308 2683 371 183

553 478 688 539 135.
729 470 862 539 Καὶ
901 465 998 539 ὅτι
1037 466 1226 539 ταῦτ’
1253 466 1480 559 ἀληθῆ
1511 473 1707 560 λέγω,
1744 466 1965 543 κάλει,ι
2004 467 2301 545 τούτων2

377 600 616 663 τυρας.

2332 471 2488 556 τούς
2522 474 2681 568 μάρ-

1242 669 1842 747 ΜΑΡΤΥΡΕΣ.3

545 812 989 899 Μαρτυροῦσι
1048 813 1475 899 Δημοσθένει
1531 807 1703 901 ὑπὲρ
1760 807 2078 882 ἁπάντων
2132 816 2313 902 οἵδε,
2384 822 2680 897 Καλλίας
2715 846 2739 885 ⁵

386 908 728 991 Σουνιεύς
742 905 791 1000 ,⁴
860 908 1101 999 Ζήνων
1161 911 1424 993 Φλυεύς
1439 908 1485 1001 ‚⁵
1556 916 1792 984 Κλέων
1852 912 2232 1002 Φαληρεύς,
2297 914 2678 1005 Δημόνικος

389 1010 888 1101 Μαραθώνιος,
937 1008 1039 1083 ὅτι
1084 1017 1208 1084 τοῦ
1253 1011 1466 1103 δήμου
1517 1016 1675 1084 ποτὲ
1720 1013 2306 1107 χειροτονήσαντος
2346 1025 2678 1108 Αἰσχίνην

387 1112 717 1185 σύνδικον
767 1109 940 1203 ὑπὲρ
987 1118 1109 1184 τοῦ
1155 1120 1342 1204 ίεροῦ
1385 1120 1509 1186 τοῦ
1556 1119 1629 1185 ἐν
1664 1116 1871 1210 Δήλῳ
1920 1112 2053 1197 εἰςῦ
2098 1114 2255 1199 ’τούς
2284 1114 2677 1208 Ἁμφικτύο-

383 1208 547 1297 ναςῗ
593 1214 1164 1305 συνεδρεύσαντες
1211 1213 1400 1306 ἡμεῖς
1453 1221 1808 1307 ἐκρίναμεν
1836 1214 2231 1307 Ὑπερείδην
2277 1216 2463 1303 ἄξιον
2502 1221 2676 1292 εἶναι

382 1322 640 1409 μᾶλλον
674 1312 846 1407 ὑπὲρ
881 1320 997 1405 τῆς
1033 1316 1288 1400 πόλεως
1324 1320 1571 1407 λέγειν,
1608 1322 1721 1389 καὶ
1757 1316 2090 1411 ἀπεστάλη
2119 1316 2522 1412 Ὑπερείδης.
2712 1355 2761 1396 10

547 1415 819 1490 Οὐκοῦν
878 1416 990 1489 ὅτε
1048 1418 1288 1491 τούτου
1351 1414 1697 1509 λέγοντος8
1754 1416 2135 1511 οέπήλασεν9
2192 1418 2233 1511 ἡ
2298 1422 2510 1513 βουλὴ
2560 1428 2675 1497 καὶ

381 1524 782 1610 προςέταξεν
843 1523 1080 1613 ἑτέρῳ,
1137 1520 1285 1593 τότε
1343 1524 1453 1592 καὶ
1506 1520 1843 1613 προδότην
1896 1517 2133 1593 εἶναι10
2181 1528 2293 1594 καὶ
2340 1524 2675 1599 κακόνουν

379 1616 614 1712 ὑμῖνιι
653 1616 1074 1712 ἀπέφηνεν.12

562 1796 674 1847 135.
721 1794 864 1849 llaec
893 1812 924 1849 a
955 1810 1040 1849 me
1069 1810 1193 1849 vere
1224 1794 1345 1857 dici.
1378 1809 1597 1850 accerse
1627 1794 1819 1851 harum
1852 1810 2035 1849 rerum
2068 1802 2255 1850 testes.

555 1878 939 1935 Testilicantur
977 1879 1320 1936 Demostheni
1363 1881 1477 1935 vice
1521 1882 1763 1961 omnium
1806 1878 1889 1939 hi,
1936 1878 2135 1935 Callias
2178 1878 2485 1953 Suniensis‚
2531 1880 2671 1938 Zeno

380 1961 699 2035 Phlyensis,
739 1964 866 2020 Cleo
909 1962 1231 2026 Phalereus,
1275 1964 1593 2020 liemonicus
1638 1964 2038 2025 Marathonius,
2084 1981 2251 2038 quum
2296 1965 2533 2039 populus
2577 1966 2675 2023 ali-

381 2047 598 2121 quando
631 2048 971 2121 designasset
994 2050 1310 2105 Aeschinem
1341 2056 1633 2122 patronum
1666 2048 1730 2103 de
1758 2048 1865 2102 Deli
1902 2048 2104 2123 templo
2136 2048 2202 2105 ad
2225 2050 2666 2123 Amphictyones,

379 2148 486 2187 nos
527 2134 582 2187 in
623 2150 886 2189 consessu
929 2133 1277 2189 iudicavimus
1308 2133 1629 2207 Hyperidem
1662 2133 1963 2207 digniorem
1996 2150 2147 2195 esse,
2193 2136 2287 2208 qui
2318 2152 2418 2209 pro
2451 2136 2667 2191 civitate

381 2216 606 2279 diceret,
639 2226 694 2271 et
723 2220 926 2275 missus
957 2226 1042 2274 est
1073 2218 1387 2293 Hyperides.

555 2300 786 2358 Proinde
839 2320 1006 2377 quum
1067 2303 1170 2359 hoc
1227 2303 1438 2357 dicente
1489 2310 1709 2357 senatus
1762 2318 1881 2359 eum
1934 2302 2199 2376 repulerit
2250 2312 2304 2359 et
2363 2304 2414 2360 id
2469 2322 2667 2361 munus

381 2384 546 2441 alteri
585 2388 878 2449 mandarit,
925 2395 1035 2443 tuin
1081 2387 1414 2461 proditorem
1448 2402 1571 2441 cuni
1602 2402 1723 2441 esse
1754 2396 1808 2442 et
1838 2387 1991 2443 vobis
2021 2387 2157 2443 male
2188 2388 2325 2445 velle
2354 2389 2666 2447 declaravit.

392 2508 519 2515 ———

519 2572 660 2626 135.
735 2569 782 2634 1)
837 2585 934 2635 μοι
971 2576 1094 2635 post
1129 2561 1290 2621 κάλει
1328 2569 1476 2635 vulg.
1522 2597 1591 2606 --
1639 2585 1725 2619 om
1760 2567 1829 2621 Σ.
1866 2568 2073 2620 LaurS.
2117 2569 2177 2625 Y.
2216 2570 2283 2624 Φ.
2318 2569 2397 2625 Ω.
2436 2569 2489 2639 β.
2527 2587 2577 2636 y.
2618 2587 2664 2624 ε.

375 2673 435 2721 p.
472 2672 520 2706 r.
559 2663 594 2704 t.
630 2672 678 2705 u.
727 2656 846 2706 Bav
883 2653 1012 2718 (non
1048 2655 1168 2718 F?).
1216 2655 1391 2718 Aug-2.
1448 2651 1664 2716 (vinda.
1700 2654 1749 2702 4.
1790 2653 1941 2704 Pali.
1980 2654 2111 2705 Urb.
2149 2655 2297 2705 Mam.
2344 2655 2505 2720 Aug).
2578 2655 2663 2707 Cf.

379 2741 430 2802 5.
475 2737 567 2790 137
604 2739 695 2790 fin.
823 2739 876 2800 2)
914 2730 1127 2790 τούτων
1161 2739 1248 2789 bis
1284 2736 1354 2788 Σ.
1481 2737 1534 2800 3)
1586 2735 1899 2803 Μαρτυρία
1932 2739 2106 2805 Augl.
2143 2739 2193 2788 lc.
2229 2755 2275 2790 s.
2314 2757 2367 2804 η.
2405 2740 2560 2790 Pam.
2600 2767 2664 2776 -

379 2823 722 2888 Μαρτυρίαι
757 2821 836 2877 Ω.
888 2849 959 2860 -
1007 2822 1248 2874 Titulum
1285 2838 1407 2872 cum
1441 2822 1758 2873 testimonio
1796 2823 2141 2872 continuavit
2174 2817 2483 2887 Μάρτυρες
2516 2838 2663 2888 μαρ-

378 2905 614 2972 τυροῦσι
650 2909 824 2974 Aug2.
867 2933 938 2944 —-
979 2907 1377 2958 Testimonium
1413 2923 1500 2958 om
1535 2906 1708 2972 Augl.
1746 2907 1940 2956 Vindl.
1982 2912 2098 2957 text
2134 2906 2298 2958 Lind.
2332 2908 2489 2959 Pam.
2525 2909 2659 2959 Urb.

381 2993 456 3056 (lc.
492 2993 596 3056 εἳ).
723 2991 778 3056 4)
815 2984 1041 3050 evm-5139
1076 2991 1196 3042 Ald.
1233 2993 1352 3043 Fel.
1479 2991 1532 3054 5)
1574 2985 1774 3057 φλιεύς
1809 2990 1931 3040 Ald.
1969 2989 2125 3042 Pan.
2260 2991 2316 3054 6)
2356 2986 2440 3050 εἰς
2476 3007 2561 3042 om
2601 2991 2663 3044 Φ.

379 3077 436 3142 7)
468 3068 893 3142 Ἀμφικτύονας.
965 3077 1086 3127 vid.
1126 3077 1380 3143 Prolegg.
1421 3077 1659 3128 Gramm.
1697 3077 1745 3137 §-
1784 3075 1851 3125 45
1886 3091 1938 3140 p.
1977 3074 2043 3125 53
2078 3091 2159 3140 sq.
2266 3075 2319 3140 8)
2358 3071 2661 3142 μέλλοντος
2800 3131 2805 3136 ,

379 3157 572 3226 λέγειν
615 3161 817 3214 Lam-S.
863 3160 1009 3227 vulg.
1071 3189 1134 3198 —
1193 3155 1453 3226 λέγοντος
1497 3163 1560 3212 Ι”.
1612 3160 1675 3212 Φ.
1725 3177 1775 3226 η.
1822 3159 1991 3210 Ald'r.
2031 3175 2095 3225 pr
2130 3158 2213 3222 Σ,
2262 3162 2418 3212 cuius
2456 3163 2665 3213 codicis
2716 3156 2730 3218 5

380 3247 584 3312 partim
631 3262 844 3298 erasum
887 3244 1213 3296 vocabulum
1259 3247 1414 3312 antiq
1459 3246 1696 3296 mutavit
1743 3247 1800 3294 in
1845 3237 2147 3310 μέλλοντος
2194 3249 2250 3294 ct
2297 3245 2404 3296 add
2456 3241 2661 3310 λέγειν.
2714 3234 2723 3292 .'

383 3331 552 3382 ‘Vide
591 3347 664 3380 an
697 3330 924 3397 legebat
967 3329 1293 3382 scholiastes
1338 3322 1545 3381 τούτου
1587 3323 1889 3395 μέλλοντος
1936 3319 2300 3396 οἷπήλασενή
2351 3325 2526 3397 βουλὴ
2564 3327 2665 3382 καὶ

379 3409 570 3480 λέγειν
613 3409 956 3479 προςέταξεν
1003 3406 1210 3482 ἑτέρῳ)
1283 3417 1669 3467 Dobraeus.
1738 3415 1874 3463 Post
1932 3402 2103 3479 ἑτέρῳ
2162 3418 2420 3479 repetunt
2479 3409 2665 3478 λέγειν

379 3501 654 3551 Maximus
699 3500 976 3552 Planudes
1019 3501 1120 3551 Rh.
1171 3501 1236 3551 Τ.
1282 3501 1332 3550 V
1378 3517 1430 3566 p.
1466 3498 1568 3549 284
1623 3503 1679 3548 et
1721 3499 1988 3561 Anonym.
2034 3497 2137 3547 Rh.
2186 3499 2252 3548 T.
2289 3497 2395 3548 VII
2442 3515 2493 3564 p.
2544 3497 2659 3563 322,

381 3601 710 3652 quamquam
741 3585 951 3636 habent
984 3581 1286 3651 μέλλοντος
1311 3579 1515 3650 λέγειν.
1586 3582 1659 3633 At
1694 3581 2001 3633 scholiasta
2039 3583 2343 3633 certissime
2380 3598 2490 3634 non
2524 3583 2663 3651 legit

379 3671 440 3721 in
473 3670 666 3721 codice
713 3685 811 3720 suo
849 3670 993 3734 quod
1026 3670 1316 3722 Dobraeus
1355 3669 1604 3734 putavit,
1642 3683 1767 3717 nam
1805 3667 2084 3733 supplevit
2117 3667 2215 3718 ille
2252 3662 2437 3732 λέγειν
2474 3669 2659 3722 addito

383 3745 646 3822 δηλονότι
694 3753 765 3804 ad
810 3749 1154 3820 προςέταξεν
1198 3745 1390 3820 ἑτέρῳ.
1463 3751 1694 3803 Pauline
1737 3750 1943 3803 τοῦτον
1994 3750 2099 3803 τοῦ
2143 3744 2330 3819 λέγειν
2364 3743 2662 3822 ἀπήλασεν

380 3830 416 3906 ἡ
455 3831 629 3904 βουλὴ
666 3839 732 3889 do
769 3854 870 3889 suo
907 3839 1077 3890 dedit.
1147 3839 1272 3890 Non
1318 3838 1561 3888 debebat
1597 3836 1802 3887 offendi
1837 3837 1921 3888 vir
1956 3838 2149 3888 doctus
2182 3838 2481 3904 prolixiore
2517 3844 2659 3891 stru-

380 3928 554 3974 etum.
625 3923 749 3974 vid.
788 3923 1072 3977 Schaefer.
1109 3923 1332 3974 Dissen.
1370 3923 1663 3974 Westerm.
1704 3921 1773 3971 ad
1807 3921 1859 3974 h.
1898 3921 1935 3970 l.
1975 3922 2263 3988 Sequimur
2306 3924 2537 3989 primam
2568 3940 2659 3974 co-

379 4007 521 4058 dicis
563 4023 782 4060 manum
827 4023 972 4058 nunc
1017 4007 1337 4059 accuratius
1385 4007 1785 4072 examinatam,
1832 4022 1939 4071 qua
1983 4007 2224 4059 lectione
2268 4007 2422 4058 locus
2477 4009 2659 4058 factus

380 4099 466 4143 est
499 4093 800 4144 nervosior.
943 4091 996 4157 9)
1033 4083 1214 4144 αὐτόν
1249 4097 1372 4160 post
1405 4083 1702 4158 ἆπήλασεν
1739 4092 1867 4156 (non
1902 4097 2029 4158 post
2061 4085 2373 4157 προδότην)
2409 4091 2557 4157 vulg.
2594 4115 2659 4126 —

378 4193 466 4227 om
505 4174 572 4228 Σ.
614 4175 826 4228 Laui-S.
867 4177 1109 4242 (Vindl).
1184 4177 1268 4242 10)
1297 4169 1450 4228 εἶναι
1489 4194 1575 4228 om
1614 4175 1679 4227 Φ.
1716 4176 1872 4228 Pan.
1948 4175 2030 4239 11)
2070 4167 2210 4242 ἡμῖν
2242 4195 2289 4228 r.
2329 4176 2483 4226 Pal2.
2511 4175 2660 4224 Mun.

380 4261 466 4326 12)
502 4252 848 4327 ἀπεφήνατο
885 4260 1120 4326 Sopater
1155 4261 1255 4312 Rh.
1295 4263 1358 4312 T.
1394 4263 1469 4312 1v
1506 4279 1559 4327 p.
1596 4260 1716 4312 406.
1764 4261 2036 4312 Maximus
2070 4261 2156 4310 Pl.
2195 4264 2253 4310 et
2276 4245 2483 4310 Rheto'r
2517 4260 2657 4310 Ano·

377 4361 572 4412 aymus
609 4344 644 4394 l.
685 4361 734 4396 c.
