3084 4938
439 369 610 416 xvnt
701 367 795 414 DE
843 367 1116 413 AORISTI
1161 365 1521 412 tNFIN'mvo
1570 363 1787 409 ΕἹΊΑΜ
1834 363 1990 409 stur:
2022 361 2113 410 AN
2148 363 2539 410 PARTICULA
2592 365 2761 413 POST

438 529 592 588 activ.
638 527 838 603 duplici
894 525 1036 602 apud
1076 526 1218 582 Dein.
1263 524 1366 580 vid.
1410 523 1667 598 Prolegg.
1710 525 1941 580 Gramm.
1986 525 2041 596 3.
2072 529 2141 578 99
2172 543 2223 600 p.
2261 527 2373 579 116.
2434 523 2643 598 Negant
2673 543 2765 582 au—

439 624 545 671 tem
581 625 682 668 σαι
727 614 937 670 tertiam
983 627 1268 685 personam
1311 608 1605 683 singularis
1648 617 1703 665 et
1744 625 1875 665 αιεν
1917 611 2056 682 plur.
2090 611 2323 667 Atticam
2367 625 2519 670 esse.
2572 611 2765 666 Atticis

437 707 698 773 usurpata
742 713 863 752 esse
905 713 985 750 ειε
1027 697 1140 752 sive
1181 711 1335 760 ειεν,
1385 703 1442 750 et
1489 711 1640 748 ειαν.
1702 692 1814 750 vid.
1846 693 2123 751 Benseler.
2155 694 2329 750 Praei.
2364 694 2428 750 nd
2459 693 2679 750 isocrat.
2712 713 2763 768 p.

437 784 566 840 xxi.
613 782 845 839 Scheibii
895 783 1190 837 comment.
1234 781 1364 836 Crit.
1405 779 1478 834 De
1516 778 1651 835 lsaei
1698 777 1817 834 Orr.
1858 795 1913 852 p.
1947 784 1997 835 4.
2060 779 2157 835 Est
2198 779 2289 836 illa
2332 779 2549 852 quidem
2596 781 2767 835 forma

435 866 779 924 Demostheni
822 866 984 938 longe
1025 865 1310 926 usitatior,
1359 873 1534 919 tamen
1566 862 1735 919 altera
1766 869 1959 936 magna
1990 867 2151 920 etiam
2182 865 2414 920 unisona
2442 865 2763 920 anctoritate

436 969 824 1025 nonnunquam
857 948 1191 1011 defenditur.
1237 957 1298 1004 ut
1327 955 1547 1040 praeter
1576 947 1729 1004 locos
1759 947 2015 1021 Prolegg.
2048 948 2083 1004 Ι.
2118 967 2164 1005 c.
2196 949 2505 1022 descriptos
2536 951 2697 1004 ctiam
2728 949 2765 1002 Ι’.

436 1037 542 1130 leg.
577 1036 672 1106 33.
690 1039 770 1090 34.
797 1037 862 1089 51
881 1042 984 1090 etc.
1015 1035 1136 1089 Cor.
1165 1033 1220 1103 3.
1235 1037 1330 1087 68:
1361 1021 1668 1104 τολμήσαι,
1694 1017 1775 1099 ὥς
1800 1031 1871 1086 Σ.
1903 1033 2183 1106 prLaurS.
2202 1033 2353 1106 Lept.
2384 1032 2479 1103 33.
2492 1038 2559 1086 54
2590 1043 2644 1088 et
2670 1037 2763 1088 55:

435 1109 748 1175 ἀκούσειεν
789 1105 900 1187 ὥς,
935 1159 948 1174 .
972 1105 1273 1174 ,ἀκούσαι
1319 1112 1442 1172 τοῦ.
1511 1115 1731 1172 NN.eber
1776 1117 1845 1173 ad
1874 1117 2139 1174 Aristocr.
2176 1117 2229 1186 3.
2266 1120 2379 1170 117.
2440 1118 2617 1185 Quare
2658 1135 2763 1173 non

439 1222 606 1261 ausus
639 1221 757 1261 sum
789 1204 1131 1265 varietatem,
1165 1217 1325 1276 quam
1355 1200 1741 1258 Demosthenes
1767 1209 2053 1276 tantopere
2074 1211 2245 1264 amat.
2279 1201 2513 1258 tollere
2500 1202 2765 1258 informis

437 1293 601 1346 etiam
629 1286 1000 1356 nuncdubiis.

440 1457 494 1527 3.
542 1459 683 1520 151.
773 1453 875 1514 De
926 1451 1199 1512 συνίετε·
1253 1451 1669 1525 infinitivo
1730 1455 1953 1512 etiam
2011 1454 2171 1514 sine
2212 1441 2315 1512 ἄν
2364 1454 2766 1528 particula

837 1543 1012 1614 post
1051 1536 1280 1597 verba
1321 1536 1701 1614 sperandi
1736 1545 1806 1598 et
1852 1539 2365 1612 promittendi.

610 1693 789 1768 Saepe
832 1692 1048 1768 quidem
1091 1711 1122 1749 a
1165 1692 1357 1751 scribis
1401 1693 1573 1750 futuri
1606 1691 1902 1753 infinitivus
1934 1709 2055 1750 cum
2086 1693 2292 1750 aoristo
2324 1700 2688 1751 commutatus
2716 1702 2772 1749 ct

439 1777 704 1834 confusus
743 1785 829 1833 est
870 1777 1131 1836 facillimo
1174 1775 1357 1851 lapsu,
1401 1785 1462 1833 ut
1493 1771 1776 1846 δέξασθαι
1808 1795 1908 1852 pro
1944 1771 2247 1848 δέξεσθαι,
2289 1768 2641 1833 παύσασθαι
2671 1795 2768 1852 pro

439 1852 778 1918 παύσεσθαι
809 1871 915 1919 etc.
975 1861 1232 1935 Adeoque
1264 1869 1454 1918 contra
1485 1860 1813 1918 Lobeckium
1846 1861 1911 1917 ad
1934 1861 2077 1935 Phr)
2080 1863 2221 1919 nich.
2254 1879 2307 1936 p.
2333 1865 2433 1917 745
2456 1881 2578 1962 sqq.
2612 1862 2773 1918 alios-

439 1963 547 2020 quc
587 1947 825 2004 Cobetus
871 1945 993 2002 Var.
1025 1945 1170 2002 Lect.
1203 1963 1256 2019 p.
1287 1947 1354 1997 97
1386 1962 1506 2019 sqq.
1560 1945 1807 2002 futurum
1850 1945 2096 2002 infinitivi
2102 1954 2255 2038 post
2286 1946 2448 2005 verba
2491 1937 2564 2002 οὔ
2596 1963 2771 2018 φημι

439 2049 690 2104 ομνυμι,
751 2022 992 2096 ἐλπίζω,
1067 2023 1410 2102 προςδοκῶ,
1469 2024 1718 2100 νομίζω,
1789 2023 2023 2103 οἴομαι,
2083 2021 2374 2107 ἡγοῦμαι,
2448 2015 2769 2105 ὑπισχνοῦ-

439 2133 547 2194 μαι
575 2116 941 2174 necessarium
973 2129 1092 2170 esse
1124 2113 1684 2176 affirmat,a01istum
1718 2131 1823 2170 ιιοιι
1856 2115 1960 2171 dici
1992 2118 2099 2172 nisi
2132 2116 2225 2172 ubi
2258 2118 2313 2172 in
2346 2125 2497 2174 recta
2526 2119 2771 2174 oratione

441 2202 680 2279 positum
725 2199 864 2254 idem
909 2208 1122 2273 tempus
1153 2201 1549 2273 requireretur.
1611 2198 1709 2254 Ubi
1740 2201 1969 2258 mutatio
2003 2201 2209 2258 formae
2238 2217 2348 2258 non
2380 2201 2556 2258 facilis
2586 2217 2775 2258 occur-

443 2289 548 2357 rit,
579 2283 837 2341 excidisse
867 2285 946 2341 vir
975 2284 1322 2340 doctissimus
1353 2292 1538 2339 censet
1570 2271 1959 2357 patticulain'‘
1922 2303 2017 2340 αν.

615 2368 807 2426 Futuri
853 2369 1347 2442 frequentissimam
1379 2369 1574 2424 horum
1607 2367 1894 2426 verborum
1926 2385 2047 2428 esse
2080 2371 2519 2427 coniunctionem
2552 2387 2775 2428 consen·

445 2459 637 2517 timus,
680 2471 788 2511 non
835 2469 956 2511 esse
985 2453 1224 2510 Atticum
1266 2469 1388 2509 cum
1429 2453 1621 2511 iisdem
1666 2455 1859 2512 aoristi
1902 2453 2226 2517 infinitivus,
2272 2455 2377 2511 nisi
2420 2453 2511 2512 ubi
2544 2458 2595 2512 in
2628 2462 2771 2513 recta

449 2543 696 2599 oratione
728 2538 780 2595 id
814 2547 1028 2613 tempus
1059 2541 1420 2595 necessarium
1453 2541 1551 2601 sit.
1584 2549 1905 2597 construere
1936 2556 2215 2611 negamus,
2266 2540 2310 2602 R
2315 2542 2551 2597 *itionem
2580 2541 2774 2598 docent

445 2636 500 2683 ct
543 2624 636 2682 alii
681 2632 736 2679 et
779 2622 1092 2697 Kruegerus
1136 2622 1368 2679 Graium.
1404 2624 1457 2693 3.
1487 2628 1585 2685 53,
1621 2627 1817 2678 lAnn.
1852 2627 1931 2677 10.
1980 2624 2049 2679 td.
2082 2624 2147 2679 ad
2164 2624 2420 2716 Xenoph.
2462 2624 2630 2681 Anah
2662 2624 2709 2686 1,
2740 2630 2771 2676 2

445 2711 499 2781 3.
531 2716 593 2764 2.
640 2706 744 2764 ‘Ut
775 2708 840 2763 de
869 2725 929 2764 re
961 2708 1262 2803 praeterita
1283 2708 1558 2765 diceretur
1598 2694 1671 2761 οὐ
1710 2697 1979 2778 πρόσθεν
2022 2697 2352 2777 ἐπαύσατο,
2392 2712 2463 2765 ita
2495 2710 2561 2765 de
2592 2712 2769 2765 sutura

447 2794 674 2851 dicitur:
721 2782 1002 2867 ’ὑπέσχετο
1031 2776 1114 2865 μὴ
1145 2782 1412 2859 πρόσθεν
1441 2781 1807 2851 παύσασθαι.
1814 2792 1834 2820 ’
1893 2792 2084 2849 Potius
2116 2792 2207 2849 ubi
2240 2811 2349 2851 nou
2384 2804 2599 2868 teinpus
2630 2793 2775 2850 sutu-

445 2895 594 2941 rum,
627 2878 720 2935 sed
751 2877 866 2934 sola
897 2880 1037 2934 actio
1071 2876 1436 2949 significatur,
1483 2875 1635 2933 iocus
1666 2886 1751 2933 est
1781 2877 1971 2934 aciisti
2002 2886 2058 2933 et
2088 2880 2421 2953 praesentis,
2467 2880 2626 2935 huius
2656 2878 2775 2951 qui-

445 2966 563 3021 dem
604 2963 669 3019 de
711 2965 924 3019 actione
963 2964 1192 3035 repetita
1241 2961 1320 3016 vel
1363 2962 1712 3023 continuata.
1759 2962 1905 3019 illius
1948 2964 2013 3019 de
2056 2972 2330 3020 momento
2374 2962 2585 3035 agendi.
2646 2960 2771 3017 Nam

443 3066 552 3105 non
599 3048 774 3121 placet
805 3045 1376 3115 Wunderiichiiqmtio
1423 3042 1613 3119 (Praet'.
1662 3047 1727 3103 ad
1772 3050 1915 3104 Dein.
1960 3048 2082 3105 Cor.
2126 3068 2178 3123 p.
2212 3048 2341 3103 xvtt
2373 3066 2493 3121 sqq.
2526 3048 2609 3103 ed.
2639 3044 2771 3118 4⁸⁰):

443 3130 462 3160 ‘
487 3131 576 3187 ubi
607 3132 676 3187 de
708 3146 766 3186 re
797 3134 977 3203 agitur
1007 3130 1190 3187 futura
1221 3131 1437 3204 quidem
1471 3131 1565 3187 sed
1596 3148 1734 3205 qnae
1764 3135 2030 3189 continuo
2061 3142 2153 3190 aut
2185 3133 2373 3207 incipit
2404 3140 2499 3188 aut
2528 3139 2773 3189 eventum

444 3215 867 3281 habet,a01·isti
913 3214 995 3271 vel
1039 3218 1342 3290 praesentis
1385 3214 1707 3273 infinitivum
1755 3218 2149 3289 significatione
2194 3218 2365 3274 futuri
2405 3216 2579 3291 poni?
2638 3215 2773 3285 Quid

445 3303 576 3359 haec
607 3300 769 3357 obse1
772 3302 914 3357 vatio
947 3300 1012 3357 ad
1046 3310 1351 3373 temporum
1383 3310 1631 3356 naturam
1664 3305 1938 3375 pertinet?

609 3385 861 3479 Exempla
905 3387 1100 3459 partim
1143 3382 1208 3439 ab
1253 3387 1372 3457 ipso
1417 3384 1578 3441 docto
1611 3386 1815 3443 Cobcto
1863 3385 2121 3445 collecta:
2178 3386 2319 3443 Dein.
2352 3388 2474 3443 Gor.
2508 3387 2623 3443 init.
2654 3384 2774 3451 τοῖς

439 3470 607 3537 θεοῖς
658 3486 972 3545 ευχομαι
1010 3500 1080 3509 -
1133 3456 1376 3524 εὔνοιαν
1424 3499 1496 3509 -—
1517 3456 1870 3563 ὑπάρξαι
1922 3488 2023 3545 μοι
2089 3470 2179 3544 (cf.
2226 3471 2513 3546 Hyperidis
2564 3470 2771 3541 Fragm.

439 3554 822 3611 Harris.Xt11:
867 3555 989 3621 τοῖς
1031 3548 1141 3627 μὲν
1183 3553 1352 3621 θεοῖς
1391 3542 1709 3627 εὖξαμενος
1749 3550 2145 3648 βοηθῆσαί
2180 3572 2282 3628 μοι
2322 3549 2425 3611 καὶ
2455 3551 2659 3648 σῶσαι)
2695 3586 2767 3593 —-

442 3625 642 3693 ἔπειθ’
677 3628 822 3711 ὅπερ
863 3631 1022 3693 ἐστὶν
1055 3668 1130 3679 -
1151 3680 1166 3709 ,
1209 3634 1382 3694 τοῦτο
1423 3637 1903 3712 παραστῆσαι
1945 3656 2083 3707 τους
2124 3625 2373 3707 θεοὺςε
2338 3640 2519 3730 υμῖν,
2560 3658 2643 3714 μη
2669 3625 2773 3695 τὸν

438 3710 744 3779 ἀντίδικον
781 3713 1122 3817 σύμβουλον
1150 3712 1626 3796 ποιήσασθαι
1658 3723 1749 3797 (cs.
1782 3725 1838 3797 3.
1858 3727 1933 3821 8)
1961 3757 2029 3767 —-
2064 3708 2215 3781 ἄλλα
2255 3713 2395 3793 τούς
2421 3716 2647 3818 νόμους
2674 3740 2771 3779 και

439 3796 543 3864 τὸν
572 3795 788 3883 ὅρκον,
819 3800 883 3862 ἐν
911 3824 960 3903 P
993 3838 1062 3848 —-
1090 3801 1190 3862 καὶ
1223 3804 1394 3864 τοῦτο
1423 3802 1777 3884 γέγραπται,
1810 3796 1875 3866 τὸ
1904 3798 2120 3884 ὁμοίως
2148 3798 2409 3910 ἀμφοῖν
2406 3796 2771 3903 ἀκροάσα-

437 3894 624 3949 σθαι
667 3888 871 3988 (vulgq
889 3888 1252 3967 ακροᾶσθαι.
1313 3893 1416 3950 Sed
1469 3896 1573 3951 vid.
1616 3912 1739 3953 ann.
1786 3896 1949 3993 crit..)
1998 3892 2170 3952 τοῦτο
2203 3890 2234 3950 ὁ
2295 3887 2455 3951 ἐστὶν
2486 3886 2559 3950 οὐ
2586 3883 2773 3966 μόνον

443 3966 507 4036 τὸ
539 4006 624 4019 --
652 3963 763 4050 τὴν
807 3965 1050 4034 εὔνοιαν
1093 3972 1232 4051 ἷσην
1275 3964 1737 4055 ἀποδοῦναι,
1780 3968 1932 4036 ἄλλα
1972 3967 2039 4035 τό
2087 3972 2189 4035 καὶ
2226 4010 2289 4021 -
2343 3968 2533 4047 οὕτως
2576 3971 2771 4035 ἐᾶσαι

443 4052 886 4139 κτήσασθαι.

606 4151 869 4206 Aristocr.
909 4150 964 4219 3.
998 4152 1124 4203 17οε
1169 4136 1378 4221 ομὸσαι
1417 4178 1486 4189 --
1521 4136 1675 4203 εἶναι
1714 4142 1825 4241 μὲν
1868 4138 1978 4243 τὴν
2018 4132 2213 4223 αρχήν
2242 4166 2467 4243 κοινην
2484 4146 2588 4223 τῆς
2623 4140 2777 4227 Θρα-

440 4252 550 4305 κης
591 4230 672 4301 εἰς
719 4235 872 4307 τρεῖς
914 4227 1278 4313 διῃρημένην
1303 4270 1320 4303 ,
1361 4249 1586 4299 παντας
1630 4220 1692 4285 δ’
1710 4216 1885 4327 ὑμῖν
1926 4250 2069 4290 απο
2088 4228 2357 4291 δουναι
2400 4220 2511 4306 τὴν
2554 4222 2773 4308 χώραν.

439 4318 603 4375 Nemo
635 4321 687 4373 in
721 4319 1048 4375 iureiurandi
1083 4318 1314 4375 formula
1344 4318 1668 4392 particulam
1696 4336 1774 4373 αν
1807 4319 1991 4376 ferret.

608 4403 776 4461 Thuc.
807 4402 866 4466 V,
900 4405 993 4459 18:
1041 4390 1319 4471 Σπονδας
1347 4394 1697 4477 ἐποιήσαντο
1732 4434 1803 4445 —-
1840 4398 1941 4460 και
1978 4391 2213 4480 ὤμοσαν
2248 4436 2317 4447 -·
2353 4398 2490 4484 περὶ
2517 4398 2627 4479 μὲν
2656 4399 2777 4460 τῶν
