3084 4938
883 392 1324 437 nemos'rusms
1355 394 1591 437 oum-10
1622 398 1705 437 nn
1738 396 2001 441 conclu.
2460 387 2583 449 213

311 547 482 621 πολὺ
516 552 769 638 μᾶλλον
803 542 844 637 ἦ
875 544 1031 638 ’μοῦ
1063 566 1480 639 κατηγορεῖς,
1517 552 1654 621 τοῖν
1688 577 2013 642 προτερον
2028 546 2075 587 ¹³
2109 548 2153 642 ἢ
2183 549 2302 642 ’γι-ὀ
2336 553 2587 643 ταύτην
2619 585 2670 625 25

310 649 434 741 τὴν
485 658 867 741 συμμαχίαν
917 650 1436 740 δοκιμασάντων.
1535 652 1721 741 (163)
1771 649 1947 725 Ἀλλ’
2000 658 2212 725 ἐκεῖσε
2262 654 2583 747 ἐπάνειμι,

310 750 412 824 ὅτι
458 749 576 823 τὸν
621 756 695 823 ἐν
735 748 1064 843 Ἀμφίσσῃ
1113 751 1407 842 πόλεμον
1449 749 1724 841 τούτουί
1775 784 1920 891 μεν2
1934 755 2329 845 ποιήσαντος
2347 812 2365 845 ‚
2416 780 2583 849 συμ-

312 856 793 945 περαναμένων
830 853 905 924 δὲ
938 883 1075 925 των
1110 851 1332 925 αλλων
1365 858 1502 925 τῶν
1535 876 1883 947 συνεργων
1894 852 2174 952 2αὐτιῖι3
2206 856 2361 949 τὴνἾι
2398 856 2585 952 πρός“”

314 964 650 1044 Θηβαίους
699 962 982 1045 ἔχθραν,
1033 952 1324 1045 συνέβη6
1370 955 1489 1027 τόν
1537 966 1875 1029 Φίλιππον
1924 963 2154 1030 ἐλθεῖν
2203 958 2315 1051 ἐφ’
2362 956 2583 1052 ἡμας]
2618 998 2721 1049 232

311 1086 519 1149 ουπερ
558 1060 756 1127 ἕνεκα
789 1086 904 1139 τας
941 1056 1164 1139 πόλεις
1198 1048 1382 1129 οὗτοι
1418 1062 1864 1149 συνέκρουον,
1902 1064 2015 1131 καὶ
2053 1068 2115 1132 εἰ
2143 1060 2233 1152 μὴ
2268 1067 2583 1154 προεξαν-

311 1262 466 1318 banis
507 1261 886 1335 reprehendis,
936 1261 1060 1318 illos
1091 1261 1264 1317 multo
1297 1264 1465 1333 magis
1497 1280 1656 1336 quam
1688 1280 1771 1319 me
1803 1281 2057 1327 accusas,
2101 1268 2195 1339 qui
2224 1274 2349 1323 ante
2380 1282 2464 1322 me
2494 1284 2585 1323 so·

310 1349 557 1403 cietatem
588 1345 733 1402 illam
765 1346 1146 1420 probaverunt.
1215 1344 1358 1419 (163)
1389 1346 1490 1402 Sed
1522 1346 1651 1404 illuc
1683 1348 1875 1409 redeo,
1905 1350 2279 1423 Amphissensi
2312 1350 2453 1407 bello
2484 1368 2585 1426 per

310 1434 476 1487 istum
519 1430 734 1504 quidem
765 1432 1023 1492 excitato,
1065 1430 1308 1505 perfecto
1339 1438 1516 1487 autem
1548 1448 1648 1506 per
1676 1432 1917 1506 reliquos
1948 1435 2065 1489 eius
2094 1436 2373 1493 adiutores
2401 1436 2587 1493 adver-

311 1534 408 1571 sus
439 1515 721 1571 Thebanos
752 1516 904 1577 odio,
936 1516 1226 1577 accidisse,
1260 1523 1320 1571 ut
1348 1516 1633 1591 Philippus
1664 1519 1718 1573 in
1749 1534 1851 1573 nos
1881 1517 2347 1591 proficisceretur,
2380 1539 2489 1594 qua
2516 1521 2585 1577 (lc

309 1617 470 1657 causa
513 1601 602 1655 isli
648 1598 809 1656 urbes
850 1602 994 1656 inter
1025 1618 1082 1655 se
1112 1600 1548 1663 committebant.
1592 1608 1648 1655 et
1676 1604 1780 1657 nisi
1811 1601 1973 1675 paulo
2006 1611 2129 1659 ante
2159 1605 2582 1677 evigilassemus,

311 1818 410 1867 fer.
450 1816 521 1867 ad
555 1816 607 1867 h.
645 1814 680 1866 1.
721 1821 776 1864 et
813 1814 1002 1868 Cobet.
1040 1816 1170 1867 Var.
1205 1814 1362 1866 Lect.
1403 1830 1456 1880 p.
1492 1816 1577 1869 22.
1687 1814 1769 1879 12)
1819 1810 2063 1884 αἰσχύνῃ
2098 1817 2246 1884 vulg.
2284 1845 2353 1855 —
2387 1812 2583 1884 αἶσχό-

310 1916 396 1952 νει
431 1900 627 1952 vinda.
666 1899 714 1949 4.
752 1899 801 1949 5.
853 1926 916 1935 -—-
975 1890 1248 1949 αἰσθάνει
1286 1897 1354 1948 Σ.
1415 1924 1482 1933 -—
1539 1892 1826 1965 αἰσθάνηι
1872 1902 2075 1954 LaurS.
2152 1902 2417 1968 ‘Vulgata
2452 1904 2584 1953 mihi
2671 1916 2677 1926 ·

309 1986 526 2035 videtur
577 1981 1001 2049 praestabilior)
1076 1982 1508 2035 Schaeferus.
1588 1984 1992 2050 ‘Impudentiae
2054 2002 2125 2036 an
2178 1987 2583 2052 imprudentiae
2677 2023 2685 2034 .

310 2069 400 2120 hic
437 2070 588 2119 locus
623 2068 712 2129 sit,
752 2069 800 2117 si
837 2083 1088 2133 quaeras»,
1128 2068 1458 2133 impudentis
1496 2070 1714 2133 quidem
1751 2085 1874 2121 esse
1910 2073 2173 2135 reperies,
2213 2087 2372 2137 quem
2408 2074 2583 2123 virum
2674 2060 2685 2085 ¹

312 2154 512 2219 aliquis
549 2152 802 2215 coluerit,
840 2152 1072 2201 eundem
1108 2152 1460 2217 proscindere
1487 2158 1751 2203 mortuum
1784 2155 2061 2219 convitiiS,
2088 2162 2149 2205 ut
2173 2156 2352 2207 locum
2376 2156 2586 2208 habeat

309 2254 419 2289 non
467 2240 710 2303 ineptum
753 2226 1032 2303 αἰσχύνῃ,
1081 2236 1252 2285 multo
1299 2238 1688 2303 tamen³plura
1735 2238 2030 2304 complecti
2074 2239 2306 2305 ideoque
2360 2242 2586 2305 gravius

313 2338 432 2374 esse
476 2322 694 2371 videbis
739 2314 1034 2371 αἰσθάνει.
1103 2319 1242 2369 Tam
1280 2335 1450 2370 caeco
1498 2324 1643 2372 enirn
1682 2324 1891 2387 furore,
1942 2324 2098 2374 modo
2136 2326 2453 2375 adversario
2489 2342 2583 2375 no-

312 2412 464 2472 ceat,
504 2406 748 2471 grassari
785 2404 1067 2472 significat
1101 2404 1460 2467 Aeschinem,
1498 2410 1559 2455 ut
1594 2407 1796 2457 oblitus
1831 2409 2085 2458 veritatis
2121 2409 2478 2461 obliviscatur
2512 2412 2584 2460 si·

311 2493 437 2555 mul,
477 2496 814 2557 quantopere
850 2491 976 2553 viri,
1015 2506 1174 2555 quem
1201 2489 1516 2540 adulatione
1554 2491 1681 2541 olim
1718 2498 2038 2558 prosecutus
2076 2499 2239 2558 essct,
2280 2500 2429 2545 tecte
2468 2497 2587 2561 qui-

310 2578 432 2627 dem
468 2577 718 2627 manibus
756 2589 900 2624 nunc
936 2574 1181 2638 insultet,
1224 2579 1280 2624 ct
1315 2575 1593 2625 mendacii
1630 2577 2111 2642 impudentiaeque
2150 2578 2357 2645 duplici
2397 2594 2585 2630 susce-

309 2673 404 2728 pto
440 2661 730 2727 opprobrio
766 2660 1004 2710 iudicum
1042 2667 1252 2710 mentes
1301 2675 1334 2709 a
1369 2675 1428 2710 se
1465 2661 1585 2726 ipse
1620 2661 1695 2710 sit
1732 2662 2163 2713 abalienaturus.
2235 2664 2580 2714 Probabilio-

311 2763 422 2796 rem
462 2747 629 2796 ctiam
666 2745 870 2794 dixeris
903 2743 1148 2794 Bekkeri
1183 2744 1499 2808 lectionem,
1536 2747 1585 2796 si
1619 2747 1871 2812 inspecto
1905 2747 2179 2797 Aeschine
2217 2746 2362 2796 Ctes.
2398 2749 2446 2808 ξ.
2490 2747 2585 2798 138

310 2846 392 2897 sq.
463 2830 736 2880 Eubulum
779 2845 849 2879 ne
895 2830 1230 2880 nominatum
1277 2830 1519 2894 quidem,
1566 2831 2009 2897 Aristophontem
2057 2836 2241 2881 autem
2285 2832 2585 2881 Azenieum

310 2917 394 2966 ita
431 2919 910 2966 commemoratum
944 2914 1168 2977 videris,
1203 2919 1264 2964 ut
1296 2915 1458 2966 huius
1491 2915 1616 2978 viri,
1657 2931 1983 2981 quamquam
2020 2916 2287 2966 πλεῖστον
2321 2907 2421 2967 τὸν
2457 2908 2581 2980 χρό-

311 3015 414 3051 νον
457 2992 563 3066 τὴν
607 2997 708 3050 τοῦ
754 2991 1108 3066 βοιωτιάζειν
1151 2989 1547 3064 ὑπομείναντα
1594 2994 1790 3050 αἰτίαν
1826 3001 2003 3060 dicat,
2049 3001 2359 3051 verecunde
2400 3005 2585 3050 tamen
2638 2999 2645 3005 ’

313 3090 370 3136 et
402 3083 697 3136 honorifice
734 3085 1038 3136 Aeschines
1084 3084 1422 3134 meminerit:
1493 3085 2031 3147 Rauchenstein‚
2082 3085 2117 3134 l.
2159 3101 2203 3136 c.
2251 3102 2309 3151 pa
2341 3084 2423 3136 34.
2495 3079 2584 3134 αἱ·

311 3162 521 3222 σθᾰνει
556 3185 663 3220 ιιοιι
698 3169 939 3235 pertinet
975 3169 1044 3219 ad
1078 3185 1426 3236 praegressa,
1463 3185 1575 3220 non
1602 3169 1669 3220 ad
1698 3168 2083 3229 adulationem,
2122 3170 2218 3220 sed
2246 3169 2315 3220 ad
2352 3185 2583 3234 sequen-

309 3256 426 3318 tia,
491 3255 682 3321 quibus
727 3254 1020 3306 Aeschinis
1070 3256 1220 3304 furor
1273 3257 1332 3304 et
1374 3254 1742 3319 imprudentia
1780 3252 2104 3318 explicatur.
2248 3253 2335 3318 13)
2385 3249 2578 3318 προτέ-

309 3355 424 3406 ρων
457 3357 505 3390 ιι.

383 3477 588 3550 ...163
661 3475 710 3538 l)
756 3469 994 3527 τούτουσ
1030 3473 1108 3539 Σ,
1148 3474 1354 3541 pallido
1390 3479 1592 3541 puncto
1631 3488 1664 3525 σ
1696 3479 1963 3524 notatum.
2069 3473 2121 3538 2)
2161 3467 2587 3539 συνεργούντων

309 3557 628 3610 Anechkk
663 3575 716 3625 p.
755 3559 869 3609 171.
920 3586 983 3595 —-
1031 3559 1314 3624 συνελγῶν
1349 3558 1513 3626 ριΩ
1653 3557 1711 3624 3)
1748 3547 1937 3609 αυτοόν
1975 3558 2076 3608 cod
2114 3575 2167 3623 η.
2270 3556 2326 3624 4)
2368 3557 2586 3608 ‘Malim

313 3637 410 3694 διὰ
445 3637 567 3710 τὴν.
618 3646 810 3694 nescio
847 3659 1078 3710 quoque,
1121 3661 1192 3694 an
1227 3636 1511 3712 ἡμετέραν
1550 3644 1856 3694 addendum
1892 3644 1983 3694 sit.
2016 3669 2079 3677 —
2116 3658 2246 3692 nam
2273 3640 2415 3692 alias
2451 3659 2585 3709 pen-

311 3729 443 3779 dent
499 3729 556 3778 hi
617 3729 950 3792 accusativi,
1013 3731 1270 3795 quoniam
1318 3723 1841 3794 συμπεραναμένων
1888 3728 1959 3778 ad
2005 3721 2253 3794 πόλεμον
2310 3729 2585 3779 refertur.'

310 3813 548 3864 Re1sk1
566 3829 656 3864 us
733 3813 960 3864 ‘Omnia
996 3813 1159 3863 falsa.
1215 3841 1278 3849 —
1327 3815 1459 3862 Νοιι
1503 3813 1740 3878 pendere
1778 3813 2153 3863 accusativum
2191 3811 2389 3862 dudum
2424 3813 2583 3863 intel-

311 3897 564 3950 lexerant
599 3897 857 3948 Budaeus
906 3903 964 3948 et
996 3897 1066 3948 H.
1107 3897 1372 3963 stephan.
1415 3897 1681 3946 Thesaur.
1719 3913 1765 3946 s.
1790 3913 1839 3948 v.
1866 3895 2290 3963 Συμπεραίνω)
2329 3896 2585 3948 Sohae-

313 3983 520 4034 ferus.
554 4009 624 4018 ·--
670 3995 792 4033 συν.
830 3998 904 4032 τω
942 3973 1129 4047 αὐτὴν
1163 3983 1310 4032 Man.
1482 3980 1538 4041 5)
1574 3977 1717 4044 πρὸς
1751 3974 1884 4039 τοὺς
1916 3981 2065 4046 vulg.
2116 4008 2179 4017 —
2222 3976 2357 4040 τοὺς
2392 3997 2477 4032 om
2514 3981 2583 4035 Σ.

311 4067 517 4118 Lam-S.
563 4067 736 4132 Augl.
783 4083 826 4118 s.
875 4067 1070 4116 Vindl.
1122 4065 1170 4117 3.
1207 4067 1258 4118 4.
1293 4064 1448 4118 Pal2.
1525 4066 1725 4115 ‘Recte
1773 4065 1981 4116 delevit
2012 4064 2326 4126 Bekkorus,
2375 4065 2584 4129 prospi-
2615 4099 2623 4113 ..

313 4153 466 4204 ciens
511 4152 873 4202 membrorum
911 4151 1298 4214 concinnitati,
1349 4151 1550 4216 quippe
1587 4150 1693 4199 eibi
1729 4148 1874 4200 inter
1910 4165 1969 4200 se
2006 4152 2347 4214 opponuntur
2383 4139 2445 4198 ἐν
2477 4136 2586 4212 Ἀμ-

311 4234 486 4302 φίσσῃ
523 4240 580 4286 et
615 4227 756 4298 πρὸς
795 4232 1124 4300 Θηβαίους.’
1166 4235 1427 4286 Schaef
1437 4253 1464 4284 e
1480 4249 1607 4284 rus.
1711 4233 1763 4297 6)
1805 4235 1993 4290 ‘Fon-t.
2032 4227 2241 4297 συνέβη
2267 4217 2357 4280 ἂν.
2394 4235 2587 4281 evenis·

307 4319 414 4371 *ρι’
453 4329 562 4371 etc.
623 4318 968 4368 Reiskius.
1031 4318 1307 4369 ‘Fallitun
1379 4323 1535 4368 verte
1574 4321 1768 4378 evenit,
1814 4325 1869 4370 ut
1902 4317 2169 4375 Philippus
2214 4316 2461 4364 adversus
2496 4331 2587 4364 nos

310 4406 410 4454 iter
437 4404 680 4468 faceret)
753 4402 1190 4454 Schaeferus.
1297 4401 1350 4465 7)
1389 4395 1541 4468 ὑμᾶς
1580 4402 1775 4453 Vindl.
