3084 4938
369 3633 381 3694 Ἀ,

425 298 546 359 178
1006 309 1448 353 venosa-umus
1479 308 1713 351 omme
1744 310 1828 350 nn
1860 308 2131 351 conone.

629 460 782 546 Ὀψὲ
816 460 944 553 γάρ
979 491 1138 534 ποτε
1163 504 1272 552 —‚
1308 458 1432 547 ὀψὲ
1481 465 1686 551 λέγως
1737 456 1933 551 χθὲ97
1970 463 2093 551 μὲν
2141 448 2267 529 οὖν
2312 460 2423 529 καὶ
2472 457 2706 553 πρῴην

592 668 722 725 Nam
764 684 888 723 sero
933 668 1144 725 tandem
1177 698 1252 708 -—-
1291 684 1412 723 sero
1447 654 1701 740 iuquam?
1748 669 1855 721 imo
1889 682 2013 720 vero
2058 664 2173 720 heri
2216 672 2271 720 et
2310 663 2705 719 nudiustertius

425 929 532 1002 μὲν
569 920 691 986 οὖν
725 930 1146 999 παραλείψω
1181 923 1316 983 οἷπό
1356 922 1417 981 δ’
1452 921 1680 983 αὐτῶν
1714 918 1796 981 ὦν
1832 930 1948 997 βεβ.
1986 920 2109 995 ἄρξ.
2150 946 2217 996 γρ
2256 946 2410 995 marg
2448 930 2601 993 antiq
2635 926 2701 977 Σ.

427 1048 487 1056 --
530 1009 706 1071 Ὀὐδὲ
742 1012 851 1084 γὰρ
878 1056 890 1067 .
922 1056 934 1068 .
964 1056 976 1069 .
1005 1014 1351 1082 καταρᾶται]
1391 1018 1532 1066 haec
1570 1016 1693 1065 loco
1728 1032 1826 1065 suo
1864 1020 2010 1065 mota
2048 1021 2103 1065 et
2138 1020 2261 1080 post
2294 1006 2496 1077 λόγους
2532 1028 2613 1063 vs.
2643 1011 2705 1062 17

429 1104 728 1154 inserenda
767 1120 888 1153 esse
924 1104 1240 1168 suspicatus
1280 1118 1445 1163 eram,
1484 1102 1803 1165 priusquam
1842 1100 2085 1149 Bekkeri
2120 1106 2301 1149 notam
2340 1098 2599 1163 legerem.
2642 1124 2703 1132 —

424 1180 533 1253 ’γὰρ
570 1194 696 1253 post
731 1178 870 1239 οὐδὲ
906 1188 1141 1237 refertur
1179 1187 1249 1237 ad
1286 1176 1451 1248 ὀκνῶ,
1493 1185 1588 1235 sed
1614 1178 1722 1249 γὰρ
1748 1189 1873 1249 post
1894 1175 2007 1247 ὀψὲ
2034 1184 2102 1233 ad
2128 1172 2413 1250 ἄρξομαι]
2452 1182 2703 1233 Sohae-

425 1274 630 1322 ferus.
705 1274 864 1322 ‘Fuit
922 1287 1082 1337 quum
1142 1272 1272 1320 huic
1331 1270 1745 1334 transpositioni
1802 1270 2103 1335 parendum
2146 1284 2265 1319 esse
2311 1271 2581 1333 putarem.
2638 1290 2707 1302 ·-·

426 1356 565 1407 Mihi
598 1372 731 1408 vero
769 1372 828 1405 re
865 1356 1160 1421 dilig-enter
1195 1356 1480 1419 pensitata
1513 1354 1745 1419 vulgata
1782 1355 2177 1403 sententiarum
2214 1352 2509 1403 collocatio
2544 1364 2703 1415 prae-

424 1447 574 1491 stare
629 1441 860 1491 videtur.
935 1440 1315 1505 'l'ranspositio
1377 1440 1520 1488 enim
1580 1438 1908 1487 incommodi
1962 1438 2067 1487 hoc
2113 1438 2309 1501 habet,
2356 1436 2499 1501 quod
2546 1448 2705 1499 quum

423 1527 610 1577 verbis
655 1516 806 1574 ὀκνῶ
849 1518 927 1589 μὴ
975 1521 1106 1588 περὶ
1142 1522 1250 1573 σοῦ
1289 1560 1302 1572 .
1331 1560 1343 1573 .
1372 1557 1386 1571 .
1424 1518 1625 1587 λόγους
1660 1522 1987 1572 Aeschinem
2036 1522 2210 1587 ipsum
2249 1522 2521 1571 allocutus
2560 1524 2707 1570 esset

433 1614 495 1659 ut
539 1624 830 1675 personam
878 1608 1202 1671 secundam,
1252 1610 1522 1658 rationem
1571 1622 1667 1657 cur
1709 1606 1813 1656 hoc
1863 1607 2111 1657 facturus
2156 1608 2229 1655 sit
2272 1622 2379 1655 non
2415 1612 2477 1655 ut
2520 1604 2588 1653 de
2625 1618 2707 1653 se-

430 1694 638 1755 cunda,
687 1693 784 1743 sed
823 1692 890 1742 de
927 1694 1097 1743 tertia
1131 1708 1370 1759 persona
1418 1692 1669 1757 adiungit
1716 1697 1899 1740 orator
1945 1680 2082 1741 ου’δὲ
2118 1684 2228 1755 γαρ
2264 1677 2344 1740 ὧν
2381 1684 2579 1755 ἔτυχεν
2614 1676 2705 1754 ἦν.

351 1824 354 1829 .
426 1779 762 1829 Necessaria
797 1782 980 1827 autem
1018 1778 1262 1826 secunda
1299 1792 1535 1841 persona
1574 1776 1737 1825 etiam
1774 1777 1831 1823 in
1868 1775 1953 1824 his
1990 1775 2173 1823 verbis
2212 1780 2360 1824 esset
2393 1780 2703 1840 propterea,

429 1864 574 1927 quod
609 1868 727 1912 tum
761 1864 866 1913 hoc
905 1866 1227 1927 argumento
1264 1861 1330 1908 de
1369 1860 1537 1923 stirpe
1576 1858 1771 1907 relicto
1806 1860 2071 1908 transiret
2106 1864 2290 1908 orator
2326 1859 2395 1907 ad
2432 1858 2581 1909 aliud
2620 1874 2703 1907 ar-

427 1951 762 2011 gumentum,
805 1946 872 1995 de
915 1943 1216 1993 adversarii
1252 1942 1386 2003 vita,
1425 1942 1611 1993 verbis
1647 1939 1830 1991 ταῦτα
1864 1935 1971 2006 μὲν
2006 1928 2114 1992 οὖν
2152 1941 2278 1992 etc.’
2349 1942 2703 1991 Rauchen-

425 2030 722 2080 steinius
758 2028 794 2077 l.
823 2045 871 2078 c.
908 2044 960 2092 p.
985 2025 1053 2075 26
1077 2042 1194 2090 sqq.
1265 2026 1492 2076 Scilicet
1529 2030 1651 2075 orta
1689 2030 1773 2075 est
1807 2025 2107 2075 difficultas
2146 2042 2211 2075 ex
2248 2025 2703 2091 interpretatione

422 2114 713 2163 verborum
751 2102 892 2161 οὐδὲ
929 2104 1038 2177 γὰρ
1075 2098 1157 2160 ὦν
1195 2104 1392 2177 ἔτυχεν
1426 2096 1500 2176 ἦν
1535 2110 1651 2163 κτλ.
1688 2110 1860 2169 varia,
1903 2125 2043 2175 quae
2083 2110 2178 2159 alii
2216 2111 2286 2160 ad
2321 2116 2581 2175 parentes
2617 2124 2702 2157 re-

423 2196 635 2257 ferunt,
676 2194 844 2245 etiam
889 2196 1129 2246 Rutilius
1174 2198 1361 2263 Lupus
1408 2212 1459 2261 p.
1496 2194 1563 2245 55
1610 2194 1817 2261 Rhnk.‚
1873 2196 2035 2260 idque
2095 2195 2253 2245 varia
2310 2194 2700 2259 explicatione.

421 2280 544 2330 vid.
583 2280 968 2334 Funkhaenel.
1006 2282 1062 2330 in
1099 2282 1253 2331 Diar.
1293 2282 1474 2346 Antiq.
1513 2278 1646 2329 1857
1695 2280 1794 2329 No.
1832 2280 1913 2330 51.
1986 2281 2069 2329 Ι)6
2106 2279 2427 2345 parentibus
2463 2278 2703 2343 intelligi

422 2370 578 2415 vetat
615 2367 784 2415 etiam
817 2350 924 2431 ἦν,
975 2366 1116 2430 quod
1166 2366 1234 2415 de
1279 2366 1492 2417 viventi
1529 2366 1642 2415 filio
1678 2380 1786 2414 non
1823 2365 1964 2414 solet
1998 2365 2278 2429 usurpari,
2326 2363 2420 2413 sed
2460 2352 2583 2413 ἐστι’
2612 2361 2701 2415 vel

423 2442 639 2518 γέγονε.
713 2450 930 2500 Deinde
969 2450 1038 2501 ad
1075 2456 1336 2517 parentes
1373 2452 1693 2517 neutiquam
1728 2451 1883 2500 dirae
1920 2447 2108 2516 populi
2142 2452 2370 2514 possunt
2403 2448 2699 2514 pertinere.

422 2551 550 2584 nam
585 2550 694 2584 non
744 2534 952 2586 classes
989 2534 1268 2585 hominum
1305 2537 1639 2599 (servorum,
1679 2550 2011 2601 cauponum,
2049 2534 2377 2596 scribarum,
2414 2532 2703 2597 ludimagi-

365 2659 376 2670 .
421 2619 678 2683 strorum)
725 2635 925 2685 praeco
973 2621 1390 2684 exsecrabatur,
1441 2621 1536 2672 sed
1592 2635 1678 2670 res
1732 2624 1920 2685 gestas
1957 2619 2319 2685 proditorum,
2378 2617 2703 2685 perfidorum

425 2709 719 2767 oratorum,
757 2703 968 2753 talium.
1038 2704 1148 2754 Alii
1184 2705 1356 2771 igitur
1390 2705 1564 2756 verba
1600 2705 1847 2754 referunt
1884 2705 1953 2754 ad
1990 2707 2165 2768 ipsum
2204 2704 2550 2755 Aeschinem.
2611 2702 2703 2752 Sic

425 2791 734 2840 sententiae
782 2790 924 2839 bene
971 2781 1395 2854 connectuntur}
1441 2805 1551 2839 non
1598 2788 1843 2854 quidem,
1894 2796 1953 2838 ut
1988 2791 2275 2840 I’crionius
2312 2790 2704 2853 interpretatus

427 2879 550 2924 erat
587 2880 643 2923 et
675 2875 969 2924 Dissenius
1004 2875 1354 2940 probaverat.
1427 2889 1536 2924 non
1594 2873 1959 2939 intelligimus
2005 2874 2056 2922 h.
2097 2874 2133 2923 l.
2184 2872 2261 2940 τῷ
2296 2861 2372 2940 ἦν
2406 2873 2701 2922 subiicien-

425 2957 566 3034 dum·
602 2973 723 3008 esse
772 2943 812 3007 ἂ
857 2956 1146 3024 βεβίωκεν.
1221 2974 1382 3022 quam
1441 2963 1769 3008 structuram
1828 2958 2127 3008 Koechlius
2181 2960 2374 3009 merito
2434 2959 2704 3007 duriorem

425 3042 589 3106 dixit,
639 3058 746 3091 non
791 3048 904 3092 tam
951 3043 1092 3108 quod
1137 3043 1502 3093 nominativus
1550 3043 1925 3094 attraheretur
1969 3043 2121 3106 (nam
2158 3045 2230 3093 cf.
2268 3043 2313 3092 T
2318 3044 2441 3093 huc.
2478 3043 2605 3102 vn,
2639 3041 2703 3090 67

424 3127 472 3188 ξ.
511 3125 569 3176 3:
606 3120 670 3176 τὸ
709 3118 1068 3190 βλάπτεσθαι
1105 3117 1216 3192 ἐφ’
1251 3113 1332 3177 ὧν
1367 3119 1508 3192 ἡμῖν
1545 3122 2059 3192 παρεσκεύασται),
2100 3144 2261 3193 quam
2300 3129 2441 3194 quod
2477 3143 2587 3178 non
2623 3128 2703 3176 sa·

425 3210 532 3261 cile
569 3209 918 3276 participium
956 3211 1318 3277 suppleretur.
1356 3211 1478 3262 vid.
1507 3213 1858 3278 Frohberger
1880 3214 1937 3262 in
1962 3211 2211 3263 Di'etsch.
2238 3213 2435 3264 Annal.
2458 3211 2703 3277 Paedag.

425 3293 554 3345 1861
604 3313 655 3362 p.
697 3293 808 3345 182.
880 3297 977 3346 Vis
1022 3296 1168 3346 inest
1213 3298 1270 3345 in
1320 3289 1542 3363 ἔτυχεν,
1596 3305 1861 3360 casuset
1906 3297 2193 3358 consilium
2239 3304 2609 3368 opponentem
2650 3304 2705 3348 et

423 3381 705 3431 sententia
739 3380 860 3431 loci·
887 3380 1029 3432 haec
1068 3397 1190 3431 esse
1226 3375 1468 3433 videtur:
1505 3373 1831 3446 AeschineS‚
1859 3398 2185 3448 quamquam
2213 3389 2377 3433 natus
2403 3384 2528 3435 vilis
2566 3381 2706 3448 (τῶν

424 3458 712 3530 τυχόντων
756 3457 1084 3532 α’νθρῶπων
1129 3466 1166 3516 f.
1205 3465 1314 3530 leg.
1369 3470 1418 3530 ἕ.
1454 3461 1605 3530 237),
1654 3473 1842 3518 tamen
1892 3472 1999 3517 no'n
2056 3473 2178 3518 erat
2227 3483 2368 3519 unus
2422 3484 2451 3518 e
2506 3467 2707 3519 vilibus

363 3547 372 3603 ,¹
428 3549 552 3610 (hoc
589 3550 794 3599 dictum
833 3555 919 3600 est
951 3543 1110 3614 παρὰ
1157 3549 1525 3614 προςδοκίαν.
1600 3553 1859 3619 Hermog.
1896 3554 1959 3602 T.
1998 3555 2078 3603 111
2115 3570 2168 3618 p.
2203 3552 2325 3616 442)
2349 3591 2362 3616 ,
2412 3569 2521 3603 non
2566 3567 2707 3602 unus

427 3647 494 3680 ex
527 3632 596 3680 iis
631 3633 966 3698 hominibus,
1019 3636 1087 3686 ad
1125 3651 1258 3699 quos
1295 3637 1402 3686 iste
1441 3652 1575 3686 casu
1609 3639 1925 3701 pertinebat
1960 3624 2061 3700 (ὦν
2098 3631 2343 3704 ἔτυχεν),
2381 3653 2489 3688 non
2526 3639 2707 3687 socius

426 3729 639 3776 eorum,
688 3717 1006 3780 quibuscum
1043 3736 1110 3769 cx
1145 3725 1291 3782 ortu,
1331 3735 1390 3771 re
1427 3721 1719 3784 familiari,
1755 3727 1989 3788 paterna
2023 3727 2345 3773 maternave
2381 3723 2604 3773 fortuna
2640 3737 2706 3771 ac

424 3800 836 3851 necessitudine
883 3803 1124 3866 viveret,
1167 3806 1260 3870 qui
1298 3808 1549 3870 quamvis
1586 3805 1755 3868 vileS,
1800 3811 2091 3857 nectamen
2126 3807 2424 3872 perniciosi
2458 3807 2705 3858 homines

425 3889 594 3950 atque
641 3886 966 3936 exsecrandi
1013 3887 1172 3948 cives
1215 3895 1425 3952 essent,
1479 3891 1579 3940 sed
1624 3891 1907 3942 voluntate
1946 3895 2001 3942 et
2038 3891 2267 3942 consilio
2304 3891 2487 3942 socius
2523 3893 2705 3941 factus

427 3975 514 4021 est
537 3970 893 4034 nefariorum,
931 3965 1176 4039 αἰσχροῖς
1199 3970 1299 4024 καὶ
1325 3968 1675 4040 περιβοήτου
1700 3971 2015 4052 συστάσεορς
2039 3977 2106 4038 (ἓ.
2134 3974 2275 4038 297),
2312 3976 2519 4026 sodalis
2556 3966 2703 4026 ἔται-

425 4053 556 4120 ριάς
602 4046 698 4107 ἐπὶ
743 4049 1050 4106 καταλύσει
1097 4055 1199 4109 τοῦ
1235 4051 1422 4124 δήμου
1459 4059 1599 4121 (Lex
1636 4061 1691 4107 in
1729 4075 1806 4109 or.
1844 4060 2029 4125 Steph.
2065 4061 2119 4111 11
2152 4063 2199 4122 ξ.
2236 4058 2345 4124 26),
2384 4075 2523 4126 quae
2561 4051 2703 4111 ἑται-

425 4138 552 4203 ρία,
590 4144 652 4190 ut
689 4147 1116 4192 consentaneum
1154 4147 1264 4204 est,
1303 4157 1411 4191 non
1451 4157 1479 4192 6
1515 4143 1745 4205 vilibuS‚
1794 4144 1891 4194 sed
1930 4159 1959 4194 6
1993 4145 2329 4210 pollentibus
2362 4144 2703 4209 potentibus-

332 4270 340 4279 ,
425 4239 528 4287 que
563 4225 874 4276 hominibus
913 4226 1220 4276 constabat.
1293 4225 1384 4276 Sic
1431 4227 1721 4288 societate,
1768 4229 2006 4278 moribus
2056 4237 2110 4279 et
2156 4231 2319 4280 rebus
2356 4229 2529 4295 gestis
2564 4243 2706 4280 unus

426 4308 596 4357 exiis
635 4313 784 4374 erat,
834 4325 969 4374 quos
1013 4309 1244 4376 populus
1291 4311 1713 4376 exsecrabatur,
1775 4315 1865 4377 qui
1914 4319 2099 4364 orator
2146 4313 2391 4364 fraudem
2424 4313 2705 4379 publicam
