3084 4938
511 352 636 413 214
1081 364 1522 409 Dauom-umus
1555 362 1789 405 οιιΑτιο
1820 362 1905 403 m:
1938 360 2203 404 conon.

517 512 834 610 &aequest
890 516 1162 611 μικρόν,
1221 512 1418 589 οὐδ”)
1463 512 1831 605 ἀναλαβεῖν
1846 510 1894 551 ¹⁰
1952 509 2037 587 ἂν
2082 510 2565 605 ἠδυνήθημεν,
2626 512 2807 586 οὕτω

515 626 705 713 μέχρι
765 619 994 711 πόρρω
1042 619 1426 711 προήγαγον
1469 608 1656 689 οὗτοι
1702 614 1827 705 τὴν
1874 610 2195 708 ἔχθραν.“
2272 612 2382 687 Ἐν
2428 612 2533 698 οἷς
2580 613 2648 687 δ’
2692 607 2803 705 ἦτ’

456 754 481 793 ⁵
519 722 650 815 ἤδη
684 720 764 794 τὰ
799 720 962 811 πρὸς
997 718 1346 811 ἀλλήλους,
1373 713 1719 791 τουτωνὶ12
1742 723 1879 789 τοῖν
1914 715 2361 808 ψηφισμάτων
2394 713 2805 800 ἀκούσαντες

497 828 632 897 ’καὶ
667 829 803 896 τῶν
837 820 1254 915 ἀποκρίσεων
1291 814 1630 892 εἴσεσθε)3
1700 828 1840 891 Καί
1866 848 1979 911 μοι
2012 821 2165 908 λέγε
2200 823 2411 890 ταῦτα
2448 814 2751 909 λαβών.“

1411 964 1911 1079 mmm-MA&

674 1156 810 1217 164.
885 1141 1026 1217 Ἐπὶ
1095 1142 1408 1236 ἄρχοντος
1468 1139 1859 1233 Ἡροπύθου
1876 1197 1895 1232 ,
1967 1139 2172 1233 μηνὸς
2229 1138 2807 1231 Ἐλαφηβολιῶνος

515 1334 583 1375 ue
639 1320 1006 1392 potuissemus
1058 1314 1274 1389 quidem
1327 1314 1414 1387 (eo
1453 1332 1631 1388 usque
1672 1315 1765 1369 isti
1806 1313 2215 1388 promoverant)
2256 1314 2555 1387 reprimere
2595 1312 2803 1369 odium.

517 1404 584 1459 Ut
613 1418 742 1458 vero
774 1400 864 1459 alii
895 1403 948 1457 in
979 1400 1118 1457 alios
1149 1400 1361 1455 fueritis
1389 1401 1638 1461 animati.
1668 1398 1819 1455 bisce
1848 1398 2078 1454 decretis
2110 1398 2310 1455 auditis
2340 1406 2395 1453 et
2424 1399 2807 1471 responsioni-

519 1487 621 1545 bus
649 1488 854 1543 scietiS.
915 1486 1028 1558 Age
1057 1500 1189 1558 cape
1219 1484 1348 1540 mihi
1378 1484 1510 1541 haec
1539 1492 1596 1539 et
1626 1484 1761 1556 lege.

689 1574 802 1625 160.
849 1570 1167 1645 Heropytho
1197 1570 1498 1629 Archonte.
1542 1568 1629 1625 die
1658 1566 1787 1623 XXV
1816 1584 1885 1621 m.
1908 1566 2382 1641 Elaphebolionis,
2416 1566 2563 1623 tribu
2594 1569 2809 1641 praesi-

651 1756 704 1821 8)
752 1747 1279 1818 προσεξανέστημεν
1331 1767 1395 1817 pr
1431 1748 1508 1800 Σ.
1563 1748 1763 1799 falsum
1810 1762 1843 1799 ο·
1886 1753 2091 1815 puncto
2138 1752 2193 1798 et
2228 1748 2379 1799 linea
2414 1746 2659 1799 deletum
2698 1754 2801 1803 est.

519 1866 582 1875 -—
617 1832 927 1905 προεξέστη
961 1835 1026 1892 Ω
1057 1835 1367 1903 (vulgatum
1404 1834 1462 1885 in
1498 1848 1567 1898 γρ
1602 1849 1791 1899 margo
1826 1832 2043 1898 babet).
2092 1860 2155 1868 —
2202 1826 2623 1898 προεξέστημεν
2658 1834 2801 1901 Ang.

515 1922 576 1985 9)
613 1913 748 1973 οὐδ’
783 1912 859 1972 ἄν
893 1923 942 1972 F
973 1921 1104 1984 (non
1138 1918 1344 1985 Bav?].
1389 1946 1456 1953 —
1501 1906 1579 1968 οἶν
1614 1924 1738 1983 poet
1771 1910 1935 1968 αἷναλ.
1974 1932 2059 1967 om
2094 1916 2289 1970 Vindl.
2326 1916 2461 1967 Urb.
2536 1914 2623 1981 10)
2660 1906 2804 1967 ἄνα-

517 2006 716 2073 λαβεῖν
761 1996 974 2063 αὖτοὺς
1022 2010 1116 2054 aut
1161 1992 1372 2060 αὖτοῦς
1409 1992 1670 2063 (ἕαυτοῦς
1706 2002 1809 2052 cod
1844 2001 1902 2068 η)
1940 2000 2089 2067 vulg.
2137 2028 2200 2039 ——
2260 2016 2349 2051 om
2386 2000 2455 2054 Σ.
2490 2016 2557 2066 pr
2592 2001 2799 2053 LaurS.

515 2089 688 2155 Augl.
727 2090 776 2139 4.
827 2088 876 2137 lc.
915 2106 958 2139 ε.
1003 2086 1198 2137 Vindl.
1245 2086 1398 2136 Pal2.
1455 2113 1524 2121 -
1582 2074 1901 2151 α’ναλαβεῖν
1938 2084 2187 2137 absolute
2222 2087 2260 2137 i.
2300 2102 2351 2150 q.
2397 2088 2613 2149 reficere
2646 2090 2799 2146 vires,

515 2174 887 2225 convalescere.
960 2172 1062 2221 Est
1120 2169 1448 2222 vocabulum
1507 2170 1797 2220 medicum.
1870 2170 1995 2221 vid.
2054 2170 2219 2220 Foes,
2280 2170 2582 2223 Oeconom.
2644 2188 2689 2222 e.
2743 2189 2799 2222 v.

515 2258 840 2323 Hippocrat.
883 2256 969 2305 De
1015 2254 1230 2307 Mulier.
1281 2255 1406 2305 Lib.
1441 2256 1496 2306 11
1533 2272 1585 2321 p.
1622 2253 1740 2316 267,
1778 2252 1846 2304 28
1896 2254 1979 2306 ed.
2016 2256 2211 2319 Poena
2282 2243 2357 2320 ἦν
2413 2248 2493 2323 μὴ
2552 2248 2799 2323 δύνηται

515 2333 966 2407 α’ναλαμβάνειν.
1037 2340 1110 2390 At
1145 2340 1198 2390 h.
1237 2339 1272 2393 l.
1309 2356 1418 2391 non
1455 2340 1522 2389 de
1560 2338 1965 2403 imbecillitate,
2002 2340 2071 2391 de
2107 2338 2231 2390 odio
2270 2341 2471 2407 agitur.
2542 2340 2649 2392 Sed
2685 2341 2795 2391 vid.

517 2432 628 2479 not.
665 2426 984 2493 proximam.
1128 2424 1210 2488 11)
1265 2417 1328 2476 τὸ
1365 2423 1603 2492 πρᾶγμα
1638 2441 1732 2476 sec
1767 2440 1895 2476 man
1930 2440 2087 2492 marg
2119 2424 2318 2477 Laurs.
2355 2424 2506 2492 vulg.
2568 2452 2634 2462 ——-
2691 2418 2799 2493 τὴν

519 2505 741 2578 ἔχθραν
777 2509 846 2562 Σ.
884 2525 928 2561 ε.
965 2511 1138 2576 Aug2.
1173 2528 1230 2576 p.
1254 2528 1300 2560 r.
1339 2526 1408 2576 γρ
1447 2509 1513 2566 Φ.
1552 2527 1618 2576 γρ
1654 2511 1773 2560 Bav
1810 2507 1959 2574 (Fr).
1998 2509 2192 2560 Vind4.
2232 2537 2296 2546 —
2332 2527 2421 2561 om
2452 2510 2628 2576 Augl.
2664 2511 2717 2561 k.
2752 2529 2795 2564 ε.

513 2645 710 2698 vindl.
759 2645 993 2697 alterum
1039 2661 1109 2710 γρ
1147 2643 1210 2699 Φ.
1269 2673 1336 2682 -
1395 2639 1494 2698 τὸν
1530 2643 1816 2694 Φίλιππον
1861 2594 1935 2710 δή
1981 2647 2101 2696 text
2135 2662 2200 2712 pr
2235 2645 2423 2696 LaurS
2459 2647 2579 2698 eine
2616 2633 2796 2708 οὗτοι,

517 2732 660 2798 quod
683 2731 858 2782 habet
880 2745 1052 2796 marg.
1089 2730 1297 2781 Deleta
1332 2736 1458 2781 eunt
1482 2733 1667 2780 textus
1690 2727 1879 2779 verba.
1908 2757 1965 2764 —
1998 2744 2156 2796 marg
2190 2731 2363 2796 antiq.
2401 2729 2475 2781 Σε
2526 2747 2613 2795 γρ.
2650 2723 2799 2782 οὕτω

515 2810 680 2882 μέχρι
715 2811 910 2880 πόρρω
944 2807 1276 2882 προήγαγον
1311 2802 1486 2868 οὗτοι.
1596 2806 1685 2868 Οὖ
1718 2806 2185 2882 προςγροὶφοντες
2219 2807 2345 2880 τὴν
2382 2809 2681 2881 ἔχθραν,
2720 2812 2799 2876 ὥς

517 2895 670 2953 εἶναι
715 2895 782 2952 τὸ
818 2892 1032 2966 νόημαε
1079 2893 1410 2966 προήγαγον
1458 2887 1615 2952 οὗτοι
1650 2893 1753 2952 τὸν
1789 2899 2100 2959 Φίλιππον,
2138 2889 2267 2950 ἀλλ’
2302 2891 2373 2950 οὖ
2408 2893 2516 2966 τὴν
2554 2895 2794 2967 ἔχθραν,

514 2977 591 3045 ὥς
624 2977 661 3052 ἦ
699 2979 896 3052 γραφὴ
939 2977 1087 3048 αὕτη
1127 2977 1258 3051 ἔχει.
1329 2985 1452 3036 Non
1489 2985 1609 3036 eine
1646 2985 1763 3036 veri
1800 2987 1987 3053 specie
2014 2983 2467 3036 Funkhaeneliue
2502 2986 2562 3035 in
2595 2985 2799 3037 Fleck-

515 3071 614 3121 eie.
649 3068 871 3120 Annall.
906 3069 1141 3119 LXXIII
1175 3085 1227 3135 p.
1265 3067 1368 3120 679
1401 3073 1687 3135 utrumque
1726 3085 1849 3122 esee
1886 3071 2160 3146 glossema
2198 3075 2416 3134 censet,
2456 3075 2518 3120 ut
2551 3085 2653 3121 noe
2686 3071 2799 3137 ἱροί

517 3159 699 3205 antea.
747 3153 820 3203 At
842 3153 1130 3220 multiplex
1155 3159 1212 3204 et
1235 3169 1444 3204 stimma
1468 3155 1771 3206 auctoritas
1796 3161 1981 3206 tuetur
2004 3147 2111 3220 τὴν
2136 3148 2374 3221 ἔχθραν,
2401 3155 2495 3219 qui
2523 3156 2799 3206 accusati·—

514 3253 614 3291 vus
639 3237 899 3289 obiicitur
924 3238 1188 3290 ambobus
1215 3239 1400 3290 verbis
1418 3228 1739 3306 ἀναλαβεῖν
1758 3245 1813 3290 et
1830 3232 2184 3306 προήγαγον.
2220 3237 2306 3292 cf.
2330 3239 2467 3305 Aug.
2491 3241 2799 3291 Mommsen

514 3325 573 3375 in
607 3323 962 3375 Fleckeisen.
999 3322 1218 3374 Annall.
1263 3321 1391 3374 1856
1425 3341 1479 3391 p.
1514 3323 1599 3374 57.
1670 3325 1961 3375 Sententia
2021 3329 2133 3374 eet=
2192 3325 2303 3375 nisi
2340 3323 2718 3389 evigilassetis
2766 3341 2799 3375 e

515 3408 772 3462 socordia
813 3413 1026 3467 vestra,
1073 3414 1134 3458 ut
1179 3407 1245 3458 de
1293 3408 1589 3459 concordia
1635 3425 1755 3460 eum
1791 3409 2073 3462 Thebanis
2111 3409 2451 3476 cogitaretis,
2490 3414 2549 3459 et
2582 3409 2695 3460 nisi
2730 3425 2799 3460 ea

517 3512 614 3562 per
640 3511 726 3546 me
752 3495 1008 3546 restituta
1033 3499 1198 3558 esset,
1223 3493 1322 3544 sed
1346 3493 1396 3544 si
1419 3493 1625 3546 bellum
1648 3495 1809 3546 nobie
1835 3509 1959 3546 cum
1982 3493 2237 3560 Philippo
2278 3499 2335 3544 et
2358 3493 2642 3545 Thebanis
2681 3494 2799 3546 eius

516 3581 685 3630 eoeiie
723 3581 1043 3644 exarsisset,
1077 3594 1147 3628 ne
1181 3579 1546 3645 potuissemus
1584 3579 1802 3645 quidem
1839 3595 1961 3630 cum
1982 3579 2071 3630 his
2097 3577 2468 3643 reconciliari,
2506 3583 2569 3630 ut
2606 3584 2800 3631 contra

513 3663 832 3729 Philippum
867 3664 1073 3715 bellum
1109 3666 1380 3730 gererent.
1429 3664 1614 3715 Locus
1640 3664 1807 3714 etiam
1842 3664 2283 3730 interpunctione
2321 3661 2637 3727 laborabat,
2678 3663 2800 3715 eolo

514 3747 896 3812 inter-punctus
930 3753 1058 3813 post
1091 3737 1492 3814 ἠδυνήθημεν.
1601 3749 1683 3814 12)
1720 3741 1938 3800 τούτων
1972 3765 2015 3802 ε.
2056 3747 2188 3814 (Ιεῗ).
2228 3762 2272 3798 e.
2309 3747 2505 3798 vindi.
2544 3747 2703 3799 Pal2.
2734 3775 2797 3784 —-

512 3877 742 3932 τουτονὶ
776 3879 856 3934 Ω.
988 3881 1074 3943 13)
1113 3843 1376 3934 εἴσεσθαι
1410 3881 1475 3937 Ω
1511 3887 1597 3948 (αι
1634 3883 1786 3936 linea
1822 3889 1906 3935 eet
1941 3881 2289 3950 perfossum).
2418 3882 2511 3948 14)
2558 3879 2663 3935 aul.
2696 3921 2711 3936 .
2737 3921 2752 3934 .
2778 3919 2795 3936 .

514 3958 704 4033 λαβών
740 3981 824 4016 om
862 3965 1034 4030 Augl.
1069 3967 1119 4017 Ie.
1155 3983 1199 4017 e.
1259 3994 1328 4006 -—
1385 3967 1492 4018 καί
1529 3983 1627 4035 μοι
1680 3984 1725 4019 τ.
1764 3967 1888 4034 λαβ.
1936 3985 2021 4019 om
2057 3967 2252 4020 vindi.
2300 3967 2511 4018 habene
2548 3963 2693 4033 λέγε.
2732 3995 2797 4005 --

516 4049 624 4103 καί
652 4065 750 4115 μοι
788 4043 914 4115 λέγε
949 4065 996 4100 τ.
1037 4050 1161 4117 λαβ.
1200 4045 1326 4119 λέγε
1363 4051 1498 4102 Urb.

648 4132 696 4198 *)
759 4133 1116 4201 Ψηφίσματα
1163 4137 1229 4188 Σ.
1277 4137 1492 4199 LaurS,
1544 4151 1873 4204 quamquam
1917 4137 1965 4199 S.
2016 4135 2113 4188 165
2156 4137 2325 4187 iidem
2366 4135 2579 4188 habent
2610 4131 2799 4204 ψήφι-

515 4236 629 4287 σμα
685 4220 920 4272 titulum.
993 4220 1079 4272 cf.
1141 4221 1224 4282 ss.
1267 4219 1362 4272 165
1399 4258 1453 4272 ..
1484 4257 1497 4272 .
1535 4222 1651 4273 167.
1722 4249 1787 4259 —
1856 4237 1943 4273 om
1979 4221 2149 4287 Augl.
2195 4223 2247 4270 4.
2306 4220 2500 4272 vindi.
2564 4247 2627 4258 -·
2684 4223 2797 4274 De-

516 4310 724 4356 cretum
759 4321 848 4356 om
882 4304 1053 4372 Augl.
1099 4306 1294 4356 Vindl.
1341 4307 1475 4358 Urb.
1523 4311 1643 4357 text
1677 4307 1838 4357 Lind.
1875 4306 2039 4369 Pale,
2079 4308 2171 4372 qui
2207 4305 2380 4358 codex
2415 4307 2604 4356 omnia
2640 4307 2793 4370 (titu-

513 4387 612 4453 loa,
659 4388 989 4442 documenta
1025 4394 1081 4443 et
1115 4390 1349 4444 oratorie
1385 4390 1817 4458 appellationem
1854 4390 2107 4455 alteram)
2142 4391 2221 4455 ὃς.
2260 4389 2529 4442 164—167
2564 4391 2769 4443 omisit.
