3084 4938
493 403 616 463 710
1120 412 1388 457 excuss.
1421 413 1506 454 An
1539 412 1715 455 rans.
1748 413 1893 457 Lm.
1926 397 1981 469 s.
2018 400 2133 453 136.

493 558 854 631 ραττόμενον.
906 564 1091 627 ‘Quod
1129 564 1270 615 enim
1307 564 1523 627 fretum,
1566 580 1724 629 quem
1760 564 2023 631 Euripum
2060 569 2143 616 tot
2177 569 2371 629 motus,
2409 570 2619 629 tantas,
2658 573 2769 618 tam

490 640 678 703 varias
724 650 930 701 habere
975 650 1186 716 putatis
1233 649 1571 715 agitationes
1615 648 1903 714 fluctuum,
1958 654 2195 716 quantas
2230 650 2681 717 perturbationes
2716 659 2774 703 et

493 740 728 802 quantos
776 738 964 785 aestus
1008 725 1182 785 habet
1227 736 1370 785 ratio
1417 732 1825 785 comitiorum?’
1873 739 1979 785 etc.
2055 734 2250 785 Cicero
2287 734 2323 785 l.
2364 752 2410 785 c.
2482 736 2589 798 Qui
2627 738 2773 789 idem

491 837 593 889 pro
626 820 861 872 Plancio
901 836 1024 886 cap.
1059 817 1120 868 6:
1169 817 1230 869 Si
1276 834 1502 884 campus
1550 824 1715 885 atque
1758 818 1893 871 illae
1927 818 2108 870 undae
2148 820 2586 872 comitiorum-ut
2620 839 2773 873 mare

493 905 821 973 profundum
867 910 923 953 et
966 904 1288 956 immensum
1334 904 1416 954 sic
1462 902 1833 955 effervescunt
1878 904 2111 970 quodam
2156 904 2316 970 quasi
2361 908 2551 965 aestu,
2594 904 2659 949 ut
2702 897 2775 949 ad

494 990 635 1043 alios
681 990 981 1051 accedant,
1029 990 1098 1039 ab
1147 989 1274 1039 aliis
1321 993 1502 1041 autem
1539 989 1832 1047 recedant;
1878 990 1937 1039 in
1980 994 2138 1040 tanto
2173 1005 2273 1041 nos
2307 991 2521 1056 impetu
2566 990 2771 1041 studio-

493 1091 611 1127 rum
660 1082 716 1125 et
759 1080 911 1126 motu
955 1074 1287 1124 temeritatis
1329 1073 1547 1125 modum
1592 1073 1834 1138 aliquem
1870 1077 1927 1125 et
1962 1074 2252 1125 consilium
2288 1079 2347 1126 et
2380 1077 2657 1126 rationem
2690 1090 2775 1125 re·

495 1158 834 1227 quiremus‘3’
883 1162 939 1209 et
981 1174 1081 1225 pro
1123 1157 1329 1209 Milone
1377 1174 1499 1224 cap.
1537 1159 1571 1208 2
1620 1158 1869 1224 exposuit
1912 1164 2275 1225 tempestates
2312 1164 2370 1211 et
2402 1159 2682 1227 procellas
2717 1162 2774 1209 in

493 1244 608 1295 illis
645 1244 902 1295 fluctibus
938 1242 1277 1306 contionum,
1318 1243 1389 1293 ad
1425 1258 1586 1309 quem
1611 1244 1788 1295 locum
1812 1244 2085 1295 Abi-amus
2123 1245 2413 1295 annotavit
2437 1262 2505 1295 ex
2530 1245 2775 1311 Appiani

491 1329 532 1380 1.
570 1344 619 1379 c.
665 1344 762 1394 pro
808 1325 1036 1393 πνεῦμα
1083 1328 1465 1393 corrigendum
1509 1344 1633 1379 esse
1678 1326 1855 1395 κῦμα.
1922 1330 1997 1379 At
2038 1329 2168 1380 huic
2216 1330 2485 1380 imitatori
2540 1330 2775 1381 oratoris

495 1414 698 1480 opponi
731 1416 914 1478 potest
962 1412 1104 1463 alius
1141 1412 1410 1476 imitator,
1447 1414 1558 1464 Dio
1597 1412 1793 1478 Chrys.
1831 1413 1925 1465 Or.
1964 1414 2175 1466 XXXII
2209 1431 2262 1481 p.
2298 1414 2400 1465 370
2434 1414 2481 1465 A
2519 1414 2613 1479 (=
2647 1414 2711 1467 Τ.
2750 1414 2775 1463 1

493 1514 548 1563 p.
585 1495 684 1547 667
711 1496 816 1562 ,R):
867 1488 930 1547 ἐν
967 1490 1030 1547 δὲ
1067 1498 1193 1557 ταῖς
1229 1485 1428 1555 ἄλλαις
1477 1496 1760 1557 σπουδαῖς
1796 1491 1937 1550 ὅταν
1971 1488 2112 1565 ὑμῖν
2150 1491 2363 1567 ἐμπέσῃ
2398 1492 2462 1549 τὸ
2497 1496 2601 1565 τῆς
2635 1489 2775 1549 άτα-

497 1580 624 1645 ξίας
660 1580 904 1647 πνεῦμα.
973 1572 1156 1646 ὥςπερ
1193 1568 1300 1632 οὖν
1333 1574 1508 1648 ταχὺς
1552 1573 1763 1650 ἄνεμος
1799 1578 2006 1650 κινήσῃ
2041 1576 2347 1636 θάλασσαν
2381 1611 2475 1647 -,
2512 1574 2775 1642 ὥςαύτως

499 1659 572 1735 δὴ
607 1665 708 1720 καὶ
744 1656 886 1731 παρ’
921 1656 1062 1731 ὑμῖν
1096 1659 1431 1732 σκώμματα,
1479 1666 1719 1732 πληγαί,
1761 1662 1953 1734 γέλως.
2024 1669 2169 1731 Quid
2204 1670 2425 1731 mirum,
2466 1684 2629 1734 quum
2666 1669 2775 1719 iam

497 1754 765 1805 Homerus
805 1751 985 1815 (Iliad.
1023 1752 1068 1801 B
1105 1766 1183 1803 vs.
1223 1750 1342 1813 144)
1389 1752 1582 1803 ambas
1618 1752 2010 1803 similitudines
2049 1770 2078 1803 e
2114 1769 2294 1804 rerum
2334 1760 2537 1805 natura
2572 1755 2775 1821 petitas

497 1842 554 1889 et
587 1842 788 1888 natura.
822 1837 1146 1887 coniunctas
1193 1837 1573 1887 coniunxerit?
1618 1832 1840 1904 κινήθη
1880 1830 1936 1889 δ’
1974 1828 2157 1906 άγορή
2210 1829 2287 1898 ὥς
2322 1830 2551 1904 κύματα
2584 1832 2776 1905 μακρά

499 1914 798 1988 θαλάσσης
831 1913 1046 1973 πόντου
1075 1912 1371 1985 Ἰκαρίοιο,
1408 1913 1480 1972 τά
1517 1916 1625 1987 μέν
1660 1914 1713 1973 τ’
1754 1910 1944 1988 Εὖρος
1980 1938 2039 1975 τε
2078 1915 2269 1982 Νότος
2304 1938 2364 1974 τε
2399 1912 2635 1988 ὤρορεν.
2694 1926 2776 1975 Ad

499 2021 656 2073 quem
702 2005 882 2056 locum
929 2005 1073 2056 idem
1119 2004 1214 2056 ille
1249 2005 1356 2056 Dio
1393 2022 1446 2072 p.
1485 2004 1586 2057 368
1624 2007 1711 2073 (=
1745 2024 1799 2074 p.
1833 2006 1933 2057 665
1968 2008 2035 2072 R)
2086 2009 2343 2075 apposuit
2387 2008 2533 2059 alius
2576 2013 2777 2074 poetae

497 2091 855 2141 sententiam:
896 2088 1077 2156 δῆμος
1108 2078 1356 2141 ἄστατον
1379 2083 1561 2141 κακὸν
1596 2088 1697 2143 καὶ
1734 2085 1999 2159 θαλάσσῃ
2034 2086 2229 2144 πάνθ’
2263 2082 2464 2159 ὅμοιον
2506 2084 2615 2145 ὑπ’
2650 2083 2777 2145 ciri·

495 2190 608 2244 μου
643 2168 939 2241 (iunxerat,
976 2172 1076 2227 καὶ
1113 2167 1360 2241 γαληνὸς
1413 2164 1532 2227 ἔντ’
1578 2168 1703 2243 ἡχῷ
1755 2172 1884 2242 [scr.
1920 2165 1996 2244 ἢν
2047 2170 2189 2245 τύχῃ
2236 2194 2265 2229 e
2314 2178 2619 2229 Gaisfordii
2656 2194 2777 2229 con-

497 2256 757 2325 iectura]‚
807 2258 926 2310 πᾶν
969 2258 1196 2324 πνεῦμα
1242 2254 1426 2326 βραχὺ
1475 2254 1830 2326 κορύσσεται.
1902 2264 2202 2328 Pei-spicue
2238 2278 2370 2315 vero
2416 2270 2777 2315 servaverunt

497 2346 726 2413 πνεῦμα
760 2336 1156 2397 ἀκατάστατον
1191 2346 1679 2397 Demosthenicum
1715 2346 1988 2397 Aristides
2024 2346 2127 2399 Rh.
2164 2348 2227 2399 T.
2264 2348 2343 2399 IX
2378 2364 2431 2413 p.
2469 2346 2571 2401 352
2594 2350 2685 2402 W.
2725 2355 2779 2399 et

499 2438 810 2500 Anonymus
845 2430 948 2481 Rh.
986 2431 1050 2484 T.
1089 2430 1176 2482 111
1210 2447 1262 2496 p.
1301 2429 1426 2482 746:
1474 2418 1659 2496 ὥςπερ
1706 2422 1769 2484 ἐν
1813 2424 2076 2500 θαλάττῃ
2111 2431 2341 2499 πνεῦμα
2377 2424 2779 2486 ἀκατάστατον

497 2507 637 2570 ὅταν
671 2510 814 2584 τύχῃ
848 2508 1206 2584 κινούμενον.
1256 2519 1354 2568 sic.
1403 2517 1521 2567 Iam
1547 2518 1829 2568 adiectivo
1862 2507 2262 2569 άκατάστατον
2297 2519 2653 2569 confirmatur
2687 2537 2776 2570 vo-

502 2603 756 2655 cabulum
779 2600 1026 2666 πνεῦμα,
1053 2603 1142 2652 cui
1167 2601 1304 2652 illud
1327 2603 1577 2668 inprimis
1603 2607 1792 2667 aptum
1818 2607 1921 2658 est,
1946 2607 2009 2652 ut
2032 2603 2313 2654 Aristotel.
2334 2603 2521 2655 Probl.
2549 2605 2781 2656 XXXVI

501 2690 549 2751 §-
588 2687 652 2738 13
685 2687 750 2737 Τ.
787 2687 890 2736 VII
925 2701 979 2752 p.
1021 2685 1119 2736 186
1143 2686 1322 2751 Sylb.:
1360 2679 1432 2737 τὰ
1467 2679 1770 2751 πνεύματα
1805 2677 2191 2740 άκατάστατα.
2242 2689 2432 2754 Neque
2472 2694 2559 2740 est
2594 2705 2779 2757 super·

501 2773 666 2823 fluum
699 2771 836 2822 illud
873 2770 1151 2836 additam„
1190 2776 1316 2822 sunt
1351 2771 1494 2822 'enim
1522 2772 1689 2822 etiam
1716 2777 2035 2823 constantes
2071 2773 2243 2822 venti.
2278 2775 2476 2838 Itaque
2512 2789 2625 2824 non
2663 2780 2781 2824 erat

502 2857 794 2907 delendum
829 2855 1098 2906 Valcken.
1139 2855 1208 2906 ad
1243 2854 1508 2908 Herodot.
1548 2855 1658 2919 111,
1696 2854 1760 2907 81
1798 2847 2223 2918 ἀκατάστατον,
2260 2874 2365 2910 nec
2401 2858 2633 2926 πνεῦμα
2668 2876 2780 2909 mu-

502 2942 725 2992 tandum
769 2941 829 2990 in
879 2939 1052 3005 κῦμα.
1123 2939 1402 2992 sentimus
1449 2947 1633 2992 autem
1679 2941 1809 3007 quid
1844 2941 2275 2993 Valckenarium
2320 2949 2379 2994 et
2422 2943 2781 2995 Schaeferum

501 3024 820 3078 offenderit:
875 3023 1175 3075 cumulatio
1228 3025 1627 3077 adiectivorum
1681 3041 2102 3092 synonymorum
2152 3027 2297 3078 male
2351 3028 2781 3080 distributorum.

503 3111 589 3162 Cf.
635 3115 750 3162 not.
785 3109 836 3160 8.
910 3109 1018 3160 Sed
1063 3108 1364 3161 similitudo
1411 3112 1579 3162 maris
1622 3127 1731 3161 non
1778 3110 1850 3162 ad
1894 3111 2292 3178 praecedentia
2336 3113 2633 3165 referenda
2682 3121 2778 3178 est,

501 3196 599 3249 sed
634 3197 881 3263 proxime
920 3196 1305 3262 coniungenda
1343 3211 1464 3246 cum
1501 3197 1878 3261 sequentibus.
1950 3197 2042 3247 Sic
2078 3197 2376 3260 mobilitas,
2416 3197 2650 3264 levitas,
2690 3217 2781 3250 ne-

502 3281 777 3349 gligentia
829 3282 1034 3348 optime
1089 3281 1417 3348 explicatur.
1490 3279 1781 3330 Sententia
1838 3281 1981 3330 enim
2033 3282 2243 3333 duobus
2298 3285 2555 3334 membris
2604 3285 2783 3336 divisa

503 3369 644 3418 haec
683 3372 791 3418 est:
839 3365 1135 3418 contiones
1180 3365 1599 3417 Atheniensium
1648 3369 1777 3416 sunt
1807 3367 2188 3418 inconstantes
2225 3371 2281 3418 et
2316 3367 2573 3419 fallaces.
2644 3369 2785 3420 Illud

503 3453 831 3520 simpliciter
874 3453 1106 3514 dictum,
1159 3453 1214 3501 in
1261 3451 1436 3502 altero
1481 3451 1725 3500 membro
1770 3450 2132 3502 similitudine
2181 3452 2431 3504 adhibita
2477 3455 2784 3520 exponitur.

501 3555 610 3589 non
647 3536 960 3602 consilium,
998 3539 1200 3603 inquit,
1239 3553 1305 3588 ac
1341 3538 1614 3587 rationem
1650 3539 1944 3602 sequentes
1981 3537 2134 3586 cives
2180 3538 2489 3589 contionem
2526 3539 2785 3605 frequen·

501 3628 654 3687 tant,
700 3623 797 3673 sed
845 3639 980 3674 casu
1026 3623 1212 3690 aliquo
1260 3622 1462 3689 agitati
1498 3621 1799 3685 accedunt,
1850 3621 2143 3682 recedunt,
2192 3637 2301 3671 non
2336 3623 2504 3673 iidem
2540 3630 2785 3686 manent,

505 3710 604 3761 elii
657 3709 808 3760 aliud
860 3709 1196 3772 decernunt,
1249 3707 1390 3758 nihil
1450 3711 1771 3758 constantes
1822 3711 2239 3773 persequuntur.
2310 3707 2432 3758 Non
2480 3713 2566 3758 est
2618 3709 2787 3775 igitur

504 3796 692 3862 magni
743 3794 1005 3846 facienda
1051 3795 1162 3844 ista
1209 3793 1408 3847 contio.
1479 3791 1719 3844 Fallitur
1767 3791 1859 3858 qui
1906 3793 1956 3842 ei
2004 3795 2100 3842 aut
2148 3791 2389 3843 confidet
2442 3797 2541 3844 aut
2594 3793 2787 3844 timeat

503 3881 674 3932 talem
719 3879 994 3947 populum.
1068 3877 1426 3946 Comparatio
1472 3881 1658 3929 autem
1706 3877 1859 3927 clara
1903 3877 2045 3928 haec
2094 3881 2204 3928 est:
2265 3893 2418 3928 mare
2454 3897 2525 3922 =
2569 3880 2783 3940 contio;

503 3967 667 4016 flatus
699 3983 770 4012 ==
806 3980 995 4028 casus;
1040 3965 1220 4017 undae
1263 3985 1334 4011 =
1378 3963 1572 4014 turbae
1630 3962 2044 4014 advenientium
2103 3977 2262 4026 casu,
2325 3963 2784 4031 negligenterque

504 4051 839 4103 abeuntium.
