3084 4938
823 387 1280 431 nnuosrnsms
1315 389 1557 430 ona-1⁸10
1588 388 1675 430 nn
1709 388 1991 430 conon-A.
2416 374 2538 436 353

925 579 1322 648 ΑΡΙΘΜΟΣ
1371 578 1870 662 ΒΟΗΘΕΙΩΝ.

1333 709 1352 749 1

417 719 557 784 306.
626 715 850 784 Ταῦτα
895 716 1006 784 καὶ
1049 717 1323 786 τοιαῦτα
1402 713 1751 806 πράττειν,
1801 718 2119 802 Αἰσχίνη,
2172 708 2291 782 τὸν
2335 707 2541 782 καλὸν

437 917 556 971 306.
577 887 741 973 ‘Haec
770 924 825 972 et
855 918 1066 980 similia,
1097 919 1412 982 Aeschines,
1445 926 1574 975 sunt
1602 918 1808 992 agenda
1838 917 1983 973 bono
2015 917 2134 980 civi,
2168 933 2307 990 quae
2339 915 2385 970 si
2418 933 2539 971 suc-

272 1123 522 1165 constare
559 1121 786 1182 possunt
821 1109 946 1182 λέγε
981 1113 1081 1167 καὶ
1115 1106 1444 1182 α’νάγνωθι,
1479 1119 1761 1182 pronuntia
1794 1120 1954 1166 istaec
1989 1117 2053 1166 de
2086 1115 2282 1180 scripto
2318 1116 2540 1164 recitan-

269 1198 376 1250 da.’
421 1199 760 1254 ReiskiuS.
810 1228 873 1237 —
923 1201 1164 1251 ‘Reiskii
1207 1203 1350 1252 ratio
1395 1202 1530 1252 mihi
1576 1203 1791 1267 quidem
1837 1215 2027 1266 parum
2063 1198 2345 1265 probatur.
2415 1214 2540 1248 nam

267 1283 374 1334 hoc
420 1277 546 1349 λέγε
591 1284 731 1334 nihil
776 1284 960 1335 differt
1007 1273 1076 1335 ab
1125 1286 1298 1337 altero
1343 1275 1665 1352 οἷνοὶγνωθι.
1736 1285 1861 1336 vad.
1916 1289 2028 1335 not.
2076 1284 2146 1335 ad
2189 1277 2409 1349 125234,
2454 1281 2539 1332 27.

270 1368 428 1431 Quod
463 1370 513 1420 si
549 1369 708 1420 ambo
743 1369 1060 1436 imperativi
1093 1386 1195 1436 per
1235 1371 1409 1420 solam
1447 1371 1699 1437 copulam
1734 1372 1817 1421 sic
1851 1371 2234 1436 iungerentur,
2280 1383 2446 1418 unum
2481 1371 2543 1418 ut

271 1453 523 1504 facerent
557 1455 856 1504 membrum
892 1455 1176 1524 orationis,
1203 1454 1571 1506 intolerabilis
1606 1455 1753 1505 foret
1786 1454 1886 1504 tali
1923 1455 1981 1504 in
2017 1453 2251 1504 termula
2287 1453 2542 1518 pleonas-

269 1552 405 1588 mus.
477 1537 585 1588 Sed
631 1539 847 1604 utrique
884 1554 1045 1605 quum
1082 1554 1212 1590 suus
1249 1539 1484 1590 accedat
1519 1540 1901 1598 accusativae,
1940 1538 2107 1603 priori
2142 1536 2322 1598 ταυτί,
2360 1542 2543 1603 poste-

271 1623 401 1672 riori
444 1615 546 1674 τὸν
593 1612 880 1690 ἀριθμόν,
927 1623 1032 1674 duo
1079 1625 1320 1675 existunt
1365 1625 1609 1674 membra
1654 1622 2055 1689 pleonasticam
2090 1623 2425 1672 locutionem
2462 1621 2544 1669 ita

271 1707 654 1771 obscurantis,
701 1713 762 1759 ut
806 1725 967 1760 nemo
1014 1709 1298 1774 quisquam
1335 1708 1504 1759 facile
1544 1707 1871 1760 offendatur.
1940 1708 2145 1758 Fateor
2178 1706 2279 1756 hos
2316 1719 2545 1756 accusa·

269 1791 416 1844 tivos
463 1794 692 1844 eandem
736 1809 849 1845 rem
895 1792 1211 1860 significare
1269 1795 1739 1859 posterioremque
1795 1791 2169 1842 tantummodo
2230 1783 2545 1856 ἐξηγήσεως

272 1870 442 1942 χάριν
477 1877 721 1928 additum
759 1893 899 1929 esse.
971 1877 1074 1928 Sed
1112 1879 1216 1929 hoc
1251 1878 1392 1928 nihil
1426 1879 1629 1940 obstat,
1670 1877 1798 1942 quin
1835 1876 1994 1928 ambo
2031 1876 2389 1942 imperativos
2424 1875 2545 1924 sine

271 1961 386 2012 ulla
431 1963 732 2014 offensione
779 1963 1056 2030 legamus,
1102 1963 1301 2016 nedum
1347 1963 1652 2013 incidamus
1688 1963 1745 2012 in
1782 1961 2101 2026 Charybdin
2138 1965 2233 2010 aut
2268 1959 2545 2026 Scyllam.⁹

274 2045 530 2098 Schaef
540 2062 710 2100 erus.
744 2074 812 2083 —-
865 2046 1190 2113 ‘Superiora
1225 2040 1324 2098 τὸν
1358 2039 1617 2114 α’ριθμόν
1656 2085 1669 2100 .
1697 2083 1710 2098 .
1739 2083 1753 2100 .
1791 2047 2137 2113 ψηφίσματα
2174 2045 2375 2095 absunt
2412 2039 2546 2109 [imo

271 2133 612 2197 transposita
637 2129 784 2198 sunt]
827 2147 860 2182 a
897 2133 1087 2183 codice
1113 2133 1170 2184 Σ
1190 2132 1454 2198 Bekkeri‚
1492 2148 1661 2198 quare
1687 2133 1777 2182 hic
1804 2148 1872 2183 ea
1896 2131 2129 2182 seclusit
2164 2134 2328 2195 atque
2368 2124 2541 2196 [olim]

275 2217 444 2266 etiam
489 2209 824 2267 Dindorfius'.
893 2218 1124 2268 Exsistit
1169 2222 1357 2268 tamen
1404 2233 1547 2268 nunc
1595 2217 1943 2283 pleonasmus
1978 2231 2089 2266 non
2134 2216 2312 2280 magis
2345 2213 2573 2263 toleras

273 2299 402 2350 bilis
446 2301 732 2351 verborum
770 2301 1232 2352 antecedentium.
1305 2303 1489 2365 Quare
1539 2302 1696 2352 locus
1750 2301 1831 2352 sic
1883 2301 2118 2350 nondum
2172 2304 2401 2350 sanatus
2443 2303 2546 2348 est.

275 2384 391 2434 Imo
426 2385 510 2435 ita
547 2386 664 2436 fere
701 2402 734 2436 a
769 2385 1140 2436 Demosthene
1176 2387 1437 2452 scriptum
1475 2387 1607 2436 fuit:
1659 2379 1761 2436 τὸν
1806 2377 2062 2452 φθόνον,
2108 2375 2413 2448 ἀνάγνωθι
2450 2383 2546 2434 λα-

275 2462 392 2535 βὸν
434 2463 537 2521 τὸν
571 2461 830 2536 ἀριθμὸν
863 2468 975 2521 τῶν
1010 2468 1303 2538 βοηθειῶν
1346 2462 1492 2520 κατὰ
1536 2465 1607 2520 τὰ
1645 2461 1752 2537 ἐμοὶ
1788 2469 2135 2537 ’ψηφίσματα
2224 2463 2383 2535 Λέγε.
2458 2467 2547 2518 cf.

274 2555 356 2617 ἕῧ.
399 2554 509 2609 115.
548 2553 682 2609 118.’
730 2555 1114 2606 Dissenius.
1164 2583 1228 2592 —-
1266 2555 1435 2605 ‘Vere
1473 2554 1805 2625 Schaeferus
1840 2556 2193 2620 disputasset,
2232 2554 2389 2604 modo
2424 2568 2549 2605 ora-

275 2645 360 2689 tor
395 2639 566 2689 verba
599 2632 701 2690 τὸν
733 2630 940 2706 ἅριθμ.
980 2675 993 2688 .
1023 2674 1038 2691 .
1063 2676 1078 2690 .
1123 2637 1471 2707 ψηφίσματα
1515 2641 1847 2706 scripsisset.
1894 2667 1955 2675 —
1999 2639 2244 2689 Dissenii
2279 2639 2421 2689 ratio
2458 2635 2549 2687 vel

276 2729 568 2791 propterea
603 2740 711 2775 non
747 2728 930 2789 potest
963 2724 1211 2790 probari,
1250 2725 1390 2789 quod
1415 2724 1557 2775 haec
1582 2725 1754 2775 verba
1776 2725 1833 2774 in
1858 2724 2331 2791 praestantissimo
2370 2721 2472 2772 cod
2497 2716 2553 2771 Σ

223 2822 234 2831 ’
275 2825 384 2861 non
417 2809 690 2875 leguntur.
763 2808 946 2871 Quare
973 2809 1276 2873 quaeritur,
1319 2808 1583 2874 quomodo
1620 2802 1746 2874 λέγε
1778 2824 1875 2876 μοι
1912 2804 2074 2859 ταυτὶ
2108 2804 2207 2858 καὶ
2241 2796 2547 2870 ἀνάγνωθι

277 2886 468 2959 λαβών
510 2894 585 2944 sit
628 2892 1028 2959 explicandum.
1097 2894 1217 2945 Non
1252 2893 1505 2955 muitum,
1554 2895 1774 2959 opinor,
1820 2906 1856 2944 a
1898 2908 2029 2943 vero
2076 2893 2359 2943 aberravit
2394 2889 2549 2939 Reis-

275 2980 432 3043 kius3
477 2978 750 3029 veriorem
785 2982 966 3029 autem
1005 2993 1107 3044 ego
1143 2982 1274 3044 puto
1310 2994 1432 3029 esse
1468 2978 1978 3044 interpretationem
2012 2978 2187 3028 hanc:
2250 2990 2549 3027 enumera

275 3065 492 3126 haecce,
528 3070 582 3113 ec
615 3064 811 3129 quidem
843 3064 1030 3119 recita,
1063 3070 1332 3129 postquam
1363 3064 1602 3113 sumsisti.
1650 3090 1721 3099 --
1772 3052 1977 3125 Quodsi
2012 3062 2155 3113 haec
2190 3061 2333 3112 ratio
2371 3061 2549 3111 minus

277 3148 516 3214 cuipiam
560 3148 846 3213 probetur,
905 3146 1176 3198 facillima
1220 3148 1522 3197 mutatione
1569 3148 1651 3197 ita
1678 3138 1805 3198 ‘erit
1847 3147 2219 3198 scribendum:
2281 3140 2407 3210 λέγε
2451 3160 2549 3211 μοι

276 3228 444 3283 ταυτὶ
489 3226 694 3299 λαβών.
765 3222 1090 3298 ἀνάγνωθι.
1160 3232 1472 3283 Eorundem
1517 3232 1963 3298 imperativorum
2009 3234 2321 3284 coniunctio
2380 3231 2550 3285 etiam

278 3318 560 3369 invenitur
603 3318 736 3369 XIX
781 3316 937 3381 (fals.
974 3314 1114 3383 leg.)
1151 3318 1197 3379 §-
1234 3315 1324 3367 70:
1386 3311 1514 3382 λέγε
1559 3310 1665 3383 τὴν
1699 3307 1853 3381 ἀρὰν
1886 3312 1987 3367 καὶ
2019 3306 2326 3383 ἀνάγνωθι
2362 3313 2551 3386 λαβὼν

278 3397 386 3469 τήν
423 3394 486 3454 ἐκ
521 3400 622 3453 τοῦ
658 3395 840 3468 νόμου
873 3401 1132 3467 ταυτηνί,
1171 3401 1266 3452 ubi
1301 3400 1530 3453 offensio
1566 3402 1742 3452 minor
1776 3406 1877 3465 est,
1917 3416 2079 3465 quum
2114 3407 2344 3468 uterque
2380 3404 2550 3469 impe·

279 3488 488 3538 rativus
533 3486 742 3547 habeat
788 3486 1166 3537 accusativum
1211 3502 1364 3537 suum
1413 3490 1468 3537 et
1515 3486 1792 3553 particula
1835 3484 1935 3538 καὶ
1979 3487 2154 3552 possit
2198 3486 2467 3553 explicari
2502 3495 2551 3537 et

279 3574 515 3640 quidem:
584 3572 945 3622 Doberenz
1002 3570 1206 3622 Annot.
1244 3570 1314 3621 ad
1349 3571 1507 3621 Dem.
1546 3571 1735 3621 Chers.
1771 3572 1997 3622 Excurs.
2034 3571 2089 3621 11
2134 3587 2186 3636 p.
2225 3569 2307 3621 26.
2378 3571 2552 3622 Ambo

279 3672 582 3722 synonyma
615 3658 788 3707 etiam
821 3672 930 3707 uno
967 3656 1288 3707 accusativo
1315 3660 1629 3707 constructo
1656 3656 1982 3721 copulantur
2004 3655 2055 3717 ξ.
2079 3654 2170 3705 28:
2216 3648 2359 3707 Εἶτα
2382 3654 2551 3709 τοῦτο

277 3735 386 3807 μὲν
433 3732 563 3807 οὐχὶ
607 3735 758 3808 λέγει
805 3742 924 3805 (non
970 3742 1122 3804 dicit,
1169 3757 1228 3791 er
1263 3740 1412 3804 st'ihrt
1455 3741 1593 3791 nieht
1627 3742 1715 3805 an)
1750 3733 1813 3791 τὸ
1848 3736 2148 3807 ψήφισμα,
2187 3732 2314 3793 οὐδ’
2352 3732 2552 3808 ἀναγι-

279 3819 540 3891 γνώσκει.
610 3825 698 3875 Cf.
735 3825 958 3876 Platon.
993 3824 1272 3875 Phaedon.
1309 3840 1432 3891 cap.
1469 3824 1538 3875 46
1572 3842 1625 3891 p.
1662 3812 1836 3876 97‘13:
1898 3817 1961 3877 ἐκ
1998 3824 2225 3893 βιβλίου
2259 3821 2440 3889 τινός,
2476 3820 2553 3889 ὥς

284 3904 400 3975 ἔφη
430 3900 835 3977 Ἀναξαγόρου,
872 3902 1418 3975 ἀναγιγνώσκοντος,
1457 3906 1553 3960 καὶ
1592 3902 1870 3975 λέγοντος.
1941 3927 2069 3961 nam
2105 3912 2185 3962 sic
2220 3914 2273 3963 h.
2310 3912 2347 3966 l.
2384 3914 2551 3962 inter-

280 3993 636 4060 pungendum
672 4009 794 4045 esse
831 4010 1054 4059 censeo,
1091 4010 1198 4045 non
1237 3994 1677 4061 distinguendum
1714 4000 1839 4061 post
1864 3990 1994 4061 ἔφη.
2068 4002 2124 4046 et
2158 3994 2257 4047 καὶ
2293 3992 2555 4063 λέγοντος

280 4094 392 4139 non
450 4080 900 4129 construendum·
932 4095 1054 4130 cum
1113 4070 1174 4131 ἐκ
1220 4077 1446 4146 βιβλίου
1489 4072 1668 4139 τινός,
1722 4080 1821 4130 sed
1867 4096 1968 4145 per
2010 4095 2071 4131 se
2114 4081 2551 4147 intelligendum.

279 4162 436 4215 Alias
487 4163 660 4214 verba
715 4168 900 4214 essent
955 4166 1142 4215 ordine
1197 4164 1540 4215 invertenda.
1612 4166 1803 4230 Neque
1848 4179 1980 4215 vero
2026 4166 2311 4231 quisquam
2355 4166 2413 4215 in
2448 4164 2552 4215 hac

281 4247 521 4299 formula
557 4242 684 4313 λέγε
720 4248 1000 4316 intelligat
1035 4251 1073 4299 i.
1111 4266 1161 4317 q.
1199 4266 1452 4300 enumera.

417 4335 598 4389 3⁰6..
637 4333 688 4399 l)
733 4332 916 4385 ταῦτα
959 4334 1059 4385 καὶ
1103 4327 1180 4385 τὰ
1228 4332 1468 4386 τοιαῦτα
1505 4334 1704 4386 Laui-3.
1742 4333 1889 4399 vulg.
1940 4360 2003 4369 —
2039 4328 2109 4383 τὰ
2146 4350 2231 4385 om
2272 4332 2337 4386 Σ.
2373 4329 2452 4385 Ω.
2490 4332 2549 4383 F.

282 4417 348 4469 Φ.
385 4418 582 4468 Vindl.
621 4446 682 4455 ——
723 4411 898 4470 αυτοὶ
935 4416 1035 4472 καὶ
1071 4412 1149 4469 τοὶ
1191 4418 1430 4471 τοιαῦτα
1465 4420 1677 4471 Lam-S.

384 4534 532 4572 DEUO
540 4534 661 4574 81⁴8.
1514 4592 1526 4603 ²
2069 4510 2151 4573 23

2577 601 2625 640 ¹5
