3084 4938
770 293 1222 337 nnnosfflsms
1253 295 1354 336 ou.
1386 297 1470 338 m:
1501 295 1702 336 mssa
1732 295 2117 340 mammons.
2466 283 2588 344 647

312 444 700 522 Κυανέων13
734 443 1006 542 πλοίῳ14
1051 453 1287 544 μακρῷ
1331 446 1420 540 μὴ
1467 457 1699 538 πλεῖν,
1746 446 1847 520 ὅτι
1896 452 2080 540 δῶρα
2124 457 2357 538 λαβεῖν
2404 455 2589 534 ἔδοξε

311 550 758 643 πρεσβεύσας,
793 555 1037 642 μικροῦ
1068 552 1194 642 μὲν
1227 549 1649 642 ἀπέκτειναν,
1692 555 1764 621 ἐν
1800 553 1876 622 δὲ
1910 567 2056 632 ταῖς
2083 547 2412 633 εὐθύναις
2434 579 2587 622 πεν-

313 651 573 743 τήκοντ’
616 651 982 745 ἐπράξαντο
1014 648 1378 726 tezzanum
1427 653 1613 745 (274)
1650 661 1887 725 Καίτοι
1934 659 2181 723 καλλίω
2218 651 2462 743 ταύτης
2498 661 2587 724 εἰ·
2624 682 2649 721 5

314 753 526 845 ρήνην
561 752 716 826 οὔτε
749 753 1074 846 πρότερον
1107 753 1268 828 ουθ’
1306 753 1594 848 ὕστερον
1628 751 1938 837 οὕδεὶς’“
1897 785 1982 825 αν
2020 761 2234 826 εἰπεῖν
2269 749 2433 845 ἔχοιι
2476 783 2589 825 m-

311 859 678 947 ποιημένην
709 853 834 946 τὴν
867 855 1080 928 πόλιν.
1153 854 1304 928 ἄλλ’
1343 887 1425 928 ου
1405 853 1464 892 '²
1511 853 1697 930 τοῦτ’
1738 855 2085 928 ἐσκόπουν.
2155 854 2397 928 τούτου
2406 851 2590 947 3μὲν

311 953 474 1048 rao*
519 953 807 1047 ἡγοῦντο
855 956 980 1048 τὴν
1026 955 1284 1030 αὖτων5
1328 957 1577 1052 ἀρετὴν
1622 961 1735 1030 καὶ
1778 957 1903 1048 τὴν
1946 961 2064 1047 τῆς
2100 957 2353 1040 πόλεως
2390 941 2591 1044 δόξαν

311 1161 488 1219 neque
515 1144 660 1202 intra
690 1141 1030 1204 Chelidonias
1072 1155 1128 1202 et
1156 1148 1392 1222 Cyaneas
1435 1147 1597 1220 longa
1634 1165 1766 1204 nave
1798 1145 2109 1208 accederet.
2154 1146 2301 1220 quod
2340 1148 2396 1202 in
2440 1146 2589 1220 lega-

316 1231 461 1286 tione
491 1246 718 1287 munera
748 1233 1022 1304 accepisse
1065 1233 1213 1288 visus
1257 1241 1365 1294 est.
1409 1249 1601 1306 parum
1644 1232 1821 1290 obfuit
1861 1233 1989 1306 quin
2034 1231 2389 1294 occidissent,
2435 1239 2490 1286 et
2532 1233 2587 1286 in

312 1315 611 1390 referendis
655 1316 959 1372 rationibus
1002 1318 1394 1391 quinquaginta
1436 1315 1636 1374 talenta
1680 1317 1747 1373 ab
1777 1334 1842 1373 eo
1876 1323 2187 1389 exegerunt.
2250 1310 2392 1392 (274)
2420 1317 2589 1388 Atqui

316 1399 642 1472 pulcrior-em
673 1415 736 1456 ea
766 1417 950 1474 pacem
979 1417 1080 1458 nec
1109 1409 1236 1475 post
1278 1419 1376 1459 neo
1419 1403 1573 1476 prius
1604 1401 1768 1458 ullam
1799 1420 1830 1458 a
1859 1401 2076 1457 civitate
2114 1407 2301 1458 nostra
2347 1415 2468 1456 esse
2512 1401 2589 1456 l'a·

315 1489 456 1540 ctam
487 1485 776 1557 quisquam
817 1485 1028 1542 dixerit.
1107 1485 1302 1543 Verum
1335 1503 1442 1543 non
1473 1486 1608 1542 illud
1639 1485 1975 1560 spectabant.
2036 1485 2091 1540 id
2134 1486 2275 1554 enim
2314 1501 2445 1542 suae
2484 1487 2592 1539 vir-

318 1569 418 1623 tuti
461 1575 515 1624 et
555 1567 886 1642 reipublicae
926 1571 1237 1628 auctoritati
1279 1579 1561 1646 acceptum
1600 1571 1877 1634 serebant,
1920 1587 1987 1626 an
2030 1585 2155 1626 vero
2200 1570 2373 1642 gratis
2418 1568 2591 1630 fieret.

453 1799 534 1864 13)
571 1799 884 1852 Κυαναιῶν
916 1801 1090 1868 Augl.
1139 1830 1204 1839 -
1247 1801 1545 1854 κυαναίων
1578 1821 1625 1854 r.
1674 1830 1735 1839 —
1790 1798 2051 1852 κυανέων
2086 1799 2295 1852 LaurS.
2332 1799 2481 1864 vulg.
2527 1827 2589 1837 ν-

314 1899 574 1936 κυανεων
611 1883 680 1934 Σ.
721 1911 787 1920 -
831 1884 1109 1936 Κυανεῶν
1141 1888 1395 1938 Dindorf.
1469 1887 1638 1938 ‘Idem
1674 1890 1965 1944 accentus,
2000 1885 2198 1950 inquit,
2236 1885 2433 1935 vitium
2471 1899 2589 1934 eor-

314 1969 428 2018 rexi
466 1985 552 2034 up.
593 1969 886 2034 Iosephum
921 1986 973 2035 p.
1013 1969 1130 2033 708,
1157 1970 1221 2022 31
1260 1972 1469 2023 Huds.'.
1537 1973 1661 2023 Non
1695 1969 2008 2036 probamus.
2049 1973 2135 2018 est
2170 1969 2316 2020 enim
2354 1968 2589 2020 adiecti-

313 2068 464 2109 vum,
511 2052 580 2104 tle
630 2069 734 2118 qno
777 2053 913 2104 nihil
964 2055 1170 2120 proprii
1215 2057 1478 2118 traditur,
1529 2057 1639 2106 imo
1685 2055 1757 2105 cf.
1796 2055 2095 2118 Dionysius
2132 2053 2319 2103 Thrax
2364 2054 2422 2103 in
2458 2053 2620 2120 Bkk-

313 2137 519 2188 Aneed.
557 2154 610 2203 p.
657 2137 808 2188 1261:
845 2127 1042 2203 άμέλει
1079 2131 1184 2190 ἐὰν
1217 2132 1324 2206 μὲν
1358 2167 1426 2177 -
1461 2131 1814 2206 ὁμοφωνοῶν
1839 2133 1907 2190 αἰ
1928 2135 2185 2203 θηλυκαὶ
2208 2133 2437 2204 γενικαὶ
2473 2135 2585 2186 τῶν

313 2219 721 2286 πληθυντικῶν
767 2226 896 2280 ταῖς
940 2222 1366 2288 πληθυντικαῖς
1410 2227 1669 2290 γενικαῖς
1713 2222 1827 2274 ταῖν
1869 2213 2213 2287 άρσενικῶν,
2264 2213 2405 2286 παρ’
2444 2212 2587 2288 ἡμῖν

317 2298 608 2372 δηλονότι,
662 2302 763 2357 καὶ
807 2297 1073 2371 ὁμότονοι
1118 2307 1396 2372 γίνονται.
1469 2299 1573 2358 ἐὰν
1619 2302 1687 2358 δὲ
1734 2301 1889 2371 παρὰ
1936 2309 2063 2366 ταῖς
2099 2301 2429 2364 διαλέκταις
2464 2301 2585 2370 τρέ-

314 2397 464 2454 ψωσι
497 2382 560 2441 τὸ
599 2405 642 2439 ω
679 2385 762 2448 εἰς
797 2383 860 2441 τὸ
896 2404 934 2440 α
971 2384 1037 2440 αἰ
1069 2391 1326 2455 &navant
1363 2391 1605 2456 γενικαί,
1647 2383 1838 2442 οὐκέτι
1876 2383 2225 2456 φυλάττουσι
2260 2384 2367 2455 τὴν
2404 2381 2589 2454 αὐτὴν

315 2469 496 2533 τάσιν,
531 2465 675 2526 άλλὰ
711 2472 1122 2539 περισπῶνται,
1161 2469 1289 2528 οἷον
1322 2467 1561 2527 κυάνεοι
1596 2471 1857 2528 κυανέων
1892 2473 1992 2527 καὶ
2026 2469 2273 2526 κυάνεαι
2306 2467 2587 2526 κυανέων.

317 2559 447 2623 (Sed
481 2557 776 2623 κυανεᾶν).
849 2561 1088 2627 Etymol.
1133 2562 1208 2612 M.
1255 2577 1306 2626 p.
1345 2561 1471 2611 542:
1519 2553 1774 2620 Κυανός·
1823 2552 1853 2611 ὁ
1899 2554 2093 2624 μέλας.
2163 2549 2453 2616 Κυάνειος
2488 2556 2588 2610 καὶ

315 2639 576 2702 κυάνεος.
627 2642 726 2697 καὶ
761 2634 796 2709 ἡ
834 2638 1070 2699 κυανέα.
1144 2646 1494 2711 ‘Impeditior
1538 2652 1624 2697 est
1670 2644 1921 2712 quaestio
1967 2644 2033 2695 de
2082 2642 2378 2693 adieetivis
2425 2645 2590 2692 trium

315 2743 578 2794 generum
624 2743 848 2795 quorum
895 2730 1163 2781 feminina
1207 2731 1385 2782 forms
1429 2730 1766 2782 substantivi
1814 2744 2034 2781 munere
2082 2727 2348 2791 fungitur.
2429 2728 2589 2778 Haec

319 2814 464 2863 enim
500 2818 792 2864 accentum
825 2813 1146 2880 plerumque
1183 2815 1240 2865 in
1279 2832 1348 2866 ea
1382 2814 1605 2880 syllaba
1640 2817 1882 2866 retinere
1918 2814 2192 2875 videmus,
2234 2811 2325 2861 eui
2364 2811 2588 2877 imposi-

315 2901 428 2946 tum
473 2897 644 2947 habet
678 2898 1048 2950 nominativus
1086 2904 1194 2953 etc.
1250 2900 1406 2951 modo
1442 2902 1727 2951 remittere
1775 2903 1832 2949 in
1867 2896 2295 2965 praecedentem
2335 2901 2444 2947 ete.
2502 2912 2590 2946 eo·

319 2996 421 3046 que
457 2983 749 3032 convenire
786 2998 908 3033 eum
945 2983 1241 3034 adieetivis
1277 2984 1615 3038 masculinis.
1651 3011 1721 3023 —
1756 2984 1866 3035 Sed
1900 2998 2070 3049 saepe
2109 2981 2277 3032 etism
2313 2982 2531 3033 diverso
2558 2998 2592 3031 a

317 3063 642 3115 masculinis
690 3071 926 3117 accentu
971 3068 1370 3133 insigniuntur,
1416 3096 1484 3105 —-
1524 3084 1853 3137 quamquam
1900 3068 2164 3119 adiectivi
2224 3082 2435 3132 quoqne
2497 3083 2589 3117 ae-

320 3153 514 3200 centus
549 3150 826 3202 instabilis
863 3157 964 3205 est.
1024 3178 1091 3188 —
1137 3152 1321 3214 Quare
1357 3156 1452 3204 vix
1487 3156 1774 3219 quisquam
1809 3152 2152 3218 pronuntiet,
2192 3156 2371 3201 utrum
2409 3152 2589 3217 magis

319 3250 386 3285 ex
423 3236 820 3287 consuetudine
855 3240 1104 3287 veterum
1140 3237 1214 3287 sit
1249 3263 1312 3273 —
1350 3234 1417 3287 αἴ
1447 3232 1707 3289 Κυανέαι
1744 3237 1959 3287 Arx-ian.
1996 3234 2202 3300 Peripl.
2240 3236 2378 3285 Eux.
2408 3252 2464 3301 p.
2491 3236 2588 3286 137

320 3319 404 3370 ed.
451 3319 644 3374 Blsnc.
693 3336 764 3371 an
807 3313 1093 3372 Κυάνειαι
1127 3323 1338 3373 Himer.
1377 3321 1470 3372 Or.
1509 3323 1663 3381 XVI,
1702 3322 1761 3385 3,
1820 3320 1961 3387 quod
2009 3336 2043 3369 a
2094 3320 2271 3370 forma
2309 3319 2591 3370 ordinaria.

317 3404 482 3470 paulo
506 3404 724 3471 longius
748 3406 1020 3469 discessit,
1061 3410 1119 3456 et
1141 3408 1271 3457 huie
1295 3407 1473 3457 simile
1501 3400 1568 3457 αἴ
1588 3403 1926 3457 Χελιδονίαι
1950 3431 2017 3440 -
2040 3420 2113 3453 an
2134 3396 2473 3454 Χελιδόνιαι
2512 3432 2594 3456 -.

317 3488 671 3541 Χελιδονίων
707 3492 781 3541 ef.
818 3490 956 3541 Adn.
995 3491 1066 3542 ad
1100 3492 1185 3542 Αἱ.
1227 3490 1356 3544 108.’
1416 3491 1808 3543 Lobeekius
1844 3488 2128 3553 Paralipp.
2166 3504 2220 3553 p.
2256 3486 2373 3541 357.
2428 3488 2592 3540 Nullo

219 3608 226 3616 -
317 3573 477 3626 modo
515 3573 788 3627 Κυανεῶν
824 3576 1048 3626 defendi
1084 3591 1245 3641 posse
1280 3576 1516 3629 videtur.
1631 3574 1716 3634 14)
1754 3572 1931 3639 πλείῳ
1964 3570 2044 3625 Ω.
2154 3571 2235 3636 15)
2274 3586 2431 3621 πεντ.
2469 3574 2591 3623 ταλ.

320 3651 641 3724 ἐπράξαντο
664 3642 1000 3727 Mor.'Aug1.
1033 3660 1084 3713 le.
1104 3678 1152 3711 r.
1172 3678 1223 3713 s.
1245 3660 1442 3711 viud4.
1467 3658 1669 3713 Laur8.
1694 3658 1828 3709 Mul.
1856 3658 1964 3709 Cit.
1986 3656 2214 3707 Baehm.
2240 3656 2449 3707 Aneed.
2476 3658 2539 3707 T.
2566 3658 2594 3707 1

317 3762 372 3811 p.
407 3743 524 3795 380.
573 3744 722 3795 Suid.
763 3750 820 3797 et
853 3743 1084 3796 Photius
1120 3760 1162 3796 s.
1199 3760 1250 3796 v.
1293 3736 1611 3795 Τάλαντον.
1679 3741 1916 3808 Etymol.
1954 3742 2026 3792 M.
2066 3758 2119 3807 p.
2158 3742 2288 3804 744,
2328 3738 2409 3791 19.
2484 3740 2591 3804 (Cf.

319 3829 448 3880 Vsr.
485 3829 727 3895 Aristog.
765 3830 821 3880 II
867 3830 915 3890 §-
955 3827 1037 3895 6).
1101 3858 1164 3865 —
1221 3826 1858 3892 πεντηκονταταλαντία
1906 3826 2131 3877 exhibet
2164 3826 2361 3877 Pollux
2398 3826 2591 3875 Onom.

979 3956 992 3975 .
1031 3912 1064 3973 β

319 3965 398 4016 lx
432 3965 482 4027 ξ.
507 3964 592 4015 52.
630 3990 692 4001 -
729 3980 885 4018 πεντ.
922 3966 1174 4017 ταλαντα
1212 3930 1533 4031 ἒπῖάξαντο
1572 3964 1642 4016 Π.
1692 3992 1756 4001 -—
1811 3978 1967 4015 πεντ.
2007 3954 2330 4027 ἐπράξαντο
2364 3961 2485 4012 ταλ.
2524 3958 2595 4010 Σ.

320 4050 530 4101 LaurS.
575 4050 724 4117 vulg.
764 4076 828 4086 —
865 4064 1021 4101 πεντ.
1059 4042 1345 4114 ἐπράξατο
1380 4049 1502 4101 ταλ.
1536 4047 1618 4103 Ω.

457 4152 600 4207 274.
675 4151 735 4214 1)
773 4146 926 4217 ἔχει’)
971 4168 1036 4217 pr
1067 4149 1148 4205 Ω.
1277 4151 1338 4215 2)
1381 4141 1452 4203 οὗ
1488 4167 1574 4202 om
1610 4168 1673 4216 pr
1706 4148 1783 4204 Ω.
1822 4168 1871 4200 ιι.
1909 4146 2103 4199 vinda.
2231 4146 2285 4211 3)
2322 4144 2489 4197 τοῦτο
2532 4145 2595 4197 Τ.

321 4234 374 4299 4)
413 4228 524 4301 γὰρ
561 4252 646 4287 om
679 4235 814 4287 Mal.
951 4236 1004 4299 5)
1045 4226 1264 4286 ἔαυτῶν
1297 4236 1430 4301 vulg
1465 4240 1597 4286 ante
1632 4234 1811 4286 Bekk.
1856 4260 1925 4269 —
1975 4231 2164 4283 αυτῶν
2200 4230 2268 4282 Σ.
2304 4256 2372 4265 —-
2409 4220 2599 4282 άῦτων

321 4320 530 4385 LsurS,
575 4336 740 4386 asper
775 4324 861 4371 est
895 4335 994 4373 see
1029 4336 1172 4369 man.
